2125 4067
128 499 216 584 '494
258 486 688 555 Tuscucaurnunr

130 603 254 685 inteligi
278 600 390 672 debet,
419 593 674 676 perturbationem
704 613 813 678 quoque

133 703 253 755 omnem
269 678 326 742 ess'e
345 683 376 739 in
398 677 551 757 opinione.

174 763 223 823 80.
247 758 284 820 Et
299 805 309 833 ,
327 761 351 819 si
369 754 510 829 fidentia,
527 754 558 814 id
578 752 646 828 est,
667 753 753 815 firma
764 754 814 814 ani·

133 844 175 902 mi
191 839 314 902 consisio
328 885 338 915 ,
354 836 471 898 scientia
483 834 620 917 quaedam
637 832 703 908 est,
718 836 752 895 &
764 837 817 915 opi·

134 923 187 982 nio
208 921 326 1002 gravis,
343 939 403 977 non
423 916 535 976 temeri
555 913 739 988 assentiens3
758 935 815 975 rne-

135 1016 182 1060 tus
199 1019 317 1081 quoque
338 996 378 1059 est
396 992 578 1069 diffidentia,
608 993 766 1076 exspeflati
789 996 816 1055 δι

135 1080 333 1161 impendentis
348 1077 427 1157 mali.
443 1074 506 1149 Et,
524 1077 550 1134 si
564 1075 631 1156 spes
647 1075 689 1139 est
706 1075 817 1156 exspec·

138 1164 212 1220 tatio
231 1161 325 1232 boni;
345 1157 414 1218 mali
435 1153 685 1237 exspectationem
704 1154 759 1218 effe
772 1175 817 1216 ne·

138 1237 214 1300 cesse
232 1238 273 1300 est
290 1256 411 1300 metum.
428 1235 471 1295 Ut
486 1240 496 1295 i
518 1241 574 1296 itur
586 1254 707 1310 metus,
724 1240 763 1296 sic
779 1255 817 1294 re·

140 1320 226 1400 liquae
246 1319 479 1400 perturbationes
495 1257 559 1377 sunt
583 1319 616 1376 in
633 1317 725 1377 malo.
747 1315 817 1397 Ergo

140 1415 175 1461 ut
198 1399 376 1470 constantia,
391 1396 538 1469 scientiae3
555 1397 595 1455 sic
616 1395 792 1476 perturbatio
808 1437 818 1470 ,

142 1480 247 1537 erroris
281 1477 331 1538 est.
356 1477 418 1558 Qui
445 1493 543 1536 autern
568 1478 673 1536 naturai
697 1477 817 1537 dicuntur

142 1557 294 1633 iracundi,
321 1576 370 1619 aut
391 1556 616 1629 misericordes,
642 1573 693 1617 aut
714 1556 819 1628 invidi,

144 1655 196 1701 aut
210 1639 269 1699 tale
287 1639 377 1719 quid;
397 1639 418 1696 ii
433 1635 496 1696 sunt
516 1634 663 1716 ejusmodi
685 1634 821 1698 constituti

145 1719 228 1797 quasi
257 1719 332 1780 malai
359 1716 526 1779 valetudine
560 1719 673 1790 animi-3
694 1716 822 1779 sanabiles

117 1872 121 1877 Ι
147 1812 246 1857 tamen
257 1840 267 1869 ,
280 1814 312 1857 ut
323 1796 361 1857 de
376 1797 497 1858 Socrate
509 1796 611 1856 dicitur
621 1817 632 1856 τ
642 1818 735 1878 quum
744 1797 826 1858 multa

147 1876 178 1935 in
194 1893 345 1937 conventu
363 1879 435 1938 vitia
450 1873 608 1958 collegisset
627 1878 659 1936 in
680 1898 751 1939 eum
772 1877 826 1936 Zo-

147 1977 262 2038 pyrus,
281 1954 377 2037 quise
400 1973 531 2016 naturam
554 1954 696 2039 cujusque
720 1978 757 2019 ex
771 1955 827 2017 for·

147 2058 197 2096 ma
214 2037 375 2119 perspicere
394 2033 611 2116 profitebatur,
630 2030 740 2099 derisus
763 2035 827 2098 csta

146 2119 273 2191 ceteris,
304 2120 353 2198 qui
376 2117 424 2177 iila
451 2119 481 2177 in
513 2115 635 2184 Socrate
671 2122 743 2181 vitia
772 2137 829 2177 nort

148 2195 356 2278 agnoscerent:
372 2196 408 2257 ab
420 2193 480 2277 ipso
494 2214 594 2258 autem
609 2196 733 2264 Socrate
745 2198 831 2258 suble·

149 2294 234 2339 vatus
251 2322 261 2351 ,
279 2298 368 2360 quum
387 2276 436 2336 illa
453 2277 506 2340 sibi
525 2280 629 2359 signa,
649 2278 703 2341 sed
721 2281 831 2341 ratione

149 2357 210 2417 ase
227 2356 339 2435 dejesia
356 2358 474 2421 diceret.
530 2386 536 2391 ·

190 2436 240 2497 81.
266 2436 369 2519 Ergo,
396 2453 428 2496 ut
449 2435 561 2517 oprimi
582 2440 646 2520 quis
665 2437 832 2500 valetudine

150 2512 266 2575 affesius
288 2515 384 2596 potest
410 2516 525 2590 videri,
551 2535 581 2580 at
600 2517 701 2579 natura
720 2518 756 2576 ad
776 2517 830 2575 ali·

150 2615 240 2674 quem
270 2596 405 2655 morbum
432 2598 623 2677 proclivior;
651 2599 692 2657 sic
718 2596 831 2655 animus

152 2673 221 2736 alius
238 2674 274 2734 ad
292 2676 346 2735 alia
363 2676 434 2736 vitia
455 2697 509 2755 pro
534 2681 648 2739 cnsior:
665 2678 716 2757 qui
733 2693 833 2735 autem

151 2776 213 2816 non
234 2756 359 2830 naturai,
374 2756 425 2816 sed
443 2757 527 2837 culpa
542 2759 642 2818 vitiosi
660 2755 717 2819 esse
733 2756 834 2816 dicun·
858 2795 866 2803 -

152 2851 220 2909 tur,
235 2856 338 2901 eorum
353 2839 424 2899 vitia
443 2836 576 2898 constant
592 2859 610 2901 e
627 2837 706 2898 falsis
722 2838 837 2917 opinio·

152 2915 236 2975 nibus
253 2937 349 2979 rerum
367 2919 509 2980 bonarum
527 2938 562 2977 ac
578 2918 745 2989 malarum,
760 2917 837 2975 utsit

152 2995 224 3058 alius
252 2998 290 3077 ad
318 3000 389 3065 alios
420 3015 516 3062 motus
544 2995 836 3079 perturbationesque
