2125 4067
266 530 339 603 ¹92
396 508 502 578 -Dr
543 524 770 579 rrrrrave

259 625 465 709 quodcumque
479 640 611 683 occurrat
623 668 632 697 ,
643 621 672 683 se
689 622 768 701 sequi
784 618 903 696 dicent;
919 622 948 685 &

259 728 337 779 vos,
355 708 403 797 qui
421 705 458 764 ad
472 723 602 764 naturam
620 703 827 764 revertemini:
848 705 947 784 quibua

259 804 359 847 natura
370 802 432 864 pute
449 783 648 866 responderit,
666 804 728 843 non
746 780 806 845 effe
824 802 945 861 verum,

259 867 374 927 aliunde
384 864 472 925 linem
487 865 574 925 beate
584 864 722 937 vivendi,
734 884 750 923 a
761 862 792 924 se
809 866 946 946 principit

259 950 301 1007 rei
317 946 452 1029 gerendae
469 947 530 1026 peti
546 964 560 1004 r
575 943 631 1005 elle
651 946 731 1005 enim
747 964 841 1005 unam
859 948 945 1006 ratio·

259 1048 350 1101 trem,
369 1029 427 1109 qui
448 1027 482 1086 ὃ(
495 1026 635 1106 principia
654 1044 751 1085 rerum
770 1026 945 1109 agendarum

259 1110 293 1169 ὃ(
310 1108 410 1167 ultima
428 1106 575 1168 bonorum
591 1107 944 1189 continerenturt'atque,

259 1208 291 1249 ut
317 1186 458 1263 Aristonis
478 1185 548 1247 effer
574 1184 689 1268 explosa
710 1186 884 1263 sententia,
905 1186 945 1248 di·

260 1272 375 1341 centis,
397 1268 467 1327 nihil
492 1264 605 1327 differre
631 1264 765 1326 aliud'ab
784 1269 873 1341 alio,
894 1288 943 1329 net

260 1349 317 1411 effe
333 1356 378 1408 res
394 1348 465 1407 ullas
477 1392 486 1419 ‚
499 1364 603 1428 praeter
614 1348 735 1408 virtutes
748 1347 784 1408 δι
801 1350 895 1421 vitia,
908 1350 943 1409 in·

258 1448 303 1489 ter
320 1450 391 1510 quas
407 1426 564 1509 quidquam
580 1429 702 1489 omnino
717 1426 870 1491 interesset
882 1448 891 1501 ;
905 1430 941 1490 rie

258 1530 353 1570 errare
371 1509 522 1569 Zenonem
536 1522 551 1581 ,·
566 1510 615 1589 qui
633 1508 710 1568 nulla
727 1509 757 1568 in
779 1528 831 1586 re,
851 1510 940 1571 nisiin

257 1593 364 1650 virtute
387 1607 434 1649 aut
449 1591 543 1664 vitio,
565 1591 815 1670 propensionem,
833 1610 874 1653 ne
893 1592 941 1651 ttri-

258 1673 328 1730 nimi
376 1670 473 1731 uidem
495 1671 638 1730 momenti
657 1670 694 1729 ad
714 1668 861 1732 sumntum
887 1670 939 1731 bo-

257 1772 327 1811 nurn
342 1692 556 1833 adipiscendum
571 1748 627 1811 effe
642 1749 770 1811 diceret:
788 1750 842 1823 &5
855 1770 938 1833 quum

257 1833 296 1892 ad
316 1834 432 1893 beatam
456 1835 545 1893 vitam
567 1832 678 1890 nullum
698 1848 886 1892 momentum
906 1852 937 1893 et

256 1932 303 1974 res
321 1914 464 1984 haberet,
486 1912 523 1972 ad
543 1914 755 1992 appetitionem
774 1920 877 1973 autem·
895 1932 938 1972 te·

256 2016 322 2055 rum
343 1992 398 2055 effe
418 1996 447 2052 in
465 1991 508 2052 his
525 2008 682 2052 momenta
702 1990 839 2054 diceret:
900 1992 939 2052 ati

256 2076 331 2136 veru
355 2077 415 2135 haec
434 2075 577 2154 appetitio
596 2094 655 2132 non
678 2072 715 2131 ad
739 2071 843 2134 summi
889 2074 937 2133 oni

255 2156 444 2237 adeptionem
460 2155 627 2233 pertineret.
644 2150 728 2231 Quid
738 2171 837 2215 autem
848 2154 938 2214 minis

256 2236 482 2297 consentaneum
506 2232 577 2307 est,
599 2232 714 2314 quim,
735 2235 818 2315 quod
840 2236 937 2305 aiunt,

256 2321 376 2399 cognito
393 2316 505 2376 summo
523 2313 622 2388 bono,
639 2316 748 2375 reverti
759 2313 789 2376 se
802 2314 839 2376 ed
856 2326 941 2375 natu·'

256 2418 339 2467 ram,
360 2413 391 2455 ut
407 2397 443 2455 ab
457 2416 492 2454 ea
508 2412 609 2471 petant
625 2394 731 2475 agendi
743 2395 914 2477 principium
925 2402 942 2469 ,ἵ

257 2475 288 2532 id
302 2475 342 2534 est
356 2520 366 2545 ,
382 2474 492 2534 officii?
510 2473 580 2533 Non
591 2477 669 2535 enim
679 2474 800 2535 'adilonis
816 2472 942 2553 adtolli-³

257 2556 292 2612 eii
309 2557 382 2613 ratio
394 2554 567 2634 impellit¹ad
578 2576 631 2628 ea,
644 2576 707 2636 quae
720 2554 935 2617 secundumha-

254 2650 348 2695 turam
364 2634 445 2708 sunt,
462 2636 648 2715 appetenda3
665 2635 713 2697 sed
731 2636 767 2696 ab
786 2638 830 2697 his·
841 2638 873 2699 δι
889 2658 937 2718 ep·

256 2714 494 2799 petitio·&ndlio
511 2734 725 2778 commovetur.
749 2730 752 2735 '
787 2726 825 2763 '·'·‘·
935 2754 939 2761 ·

265 2828 273 2853 r
296 2795 430 2857 X'Vlll.
458 2795 551 2863 Nune·
564 2796 654 2857 veni'o
676 2797 713 2856 ad
731 2795 846 2857 illailla
868 2794 940 2857 hee-²

253 2879 321 2957 via,
339 2901 403 2962 quae
420 2876 590 2939 consedlaria
601 2875 657 2939 effe
674 2872 810 2937 dicebas:
830 2878 862 2937 &
875 2878 934 2957 pti-

254 2981 336 3020 tuum
349 2959 438 3033 illud,
455 2980 515 3041 quo
527 2958 597 3018 nihil
612 2957 707 3040 potest
724 2952 781 3018 elle
796 2956 933 3029 br'eviut;

255 3037 371 3104 Bonum
394 3058 483 3103 omne
496 3054 507 3118 ,¹
531 3038 674 3102 laudabile
687 3060 697 3117 3
710 3038 874 3109 ¹letudubile¹
886 3056 934 3105 tuq

874 3134 935 3189 iem
