2125 4067
236 510 318 601 '300‘
365 501 785 570 Torcv-r‘rrtrnvrr

235 615 442 678 consuetudine
452 618 608 677 abducere.
620 613 722 696 Itaque
734 612 826 675 credo
838 613 924 696 equi-¹

238 698 307 756 clem
330 701 417 757 etiarn
442 698 513 757 alios
529 714 576 757 tot
596 696 716 769 seculis,
736 693 816 768 sed,
839 687 922 776 quod

237 778 338 837 litteris
357 775 467 850 exstet,
485 777 670 856 Pherecydes
694 774 795 854 Syrius
812 779 919 856 primus

229 856 330 927 dixit,
346 860 458 916 animos
470 858 623 918 hominum
637 853 693 916 effe
708 852 921 936 sempiternos;

238 929 372 1015 antiquus
390 934 455 996 sane
478 959 488 1012 3
513 937 567 996 fuit
586 938 665 996 enim
686 954 756 995 meo
780 932 921 1017 regnante

257 1017 348 1081 entili.
371 1017 457 1077 Hanc
487 1039 505 1077 ο
528 1019 658 1076 inionem
684 1014 836 1096 discipulus
859 1012 920 1092 ejus

235 1037 417 1178 lythagoras
442 1040 648 1169 conirmavin
679 1098 728 1177 qui
789 1116 840 1155 um
863 1093 920 1156 Su*

236 1177 332 1258 penho
344 1194 489 1259 regnante.
498 1181 527 1237 in
540 1176 655 1237 ltaliam
669 1176 738 1236 veni
777 1192 818 1250 t,-
827 1178 919 1237 tenuit

236 1277 374 1338 magnam
388 1258 466 1319 illam
481 1256 626 1319 Graeciam
648 1277 738 1338 quum
755 1257 870 1318 honore
884 1275 918 1317 ex

237 1334 407 1416 disciplina,
425 1353 486 1398 tum
502 1341 590 1398 etiam
605 1336 795 1409 aulloritate3
816 1335 919 1396 multa·

237 1436 297 1497 que
314 1414 407 1477 secula
431 1415 531 1498 postea
551 1421 591 1477 sic
607 1418 699 1499 viguit
716 1409 919 1498 Pythagoreo·

237 1498 303 1556 rum
319 1517 449 1571 nornen,
468 1516 500 1559 ut
515 1498 585 1557 nulli
596 1499 643 1557 alii
656 1495 734 1557 docti
743 1496 922 1557 riderentur.

245 1572 249 1583 “
277 1574 396 1656 XVII.
422 1577 481 1639 Sed
506 1577 597 1639 redeo
623 1577 660 1638 ad
681 1579 827 1659 antiquos.
858 1575 917 1636 Ra·

240 1654 353 1718 tionem
366 1658 407 1718 illi
422 1658 569 1719 sententie
586 1657 640 1719 suae
655 1679 716 1718 non
733 1655 795 1718 fere
812 1656 919 1718 redde·

237 1734 330 1810 hant,
352 1740 406 1799 nisi
422 1739 490 1819 quid
507 1755 568 1800 erat
587 1739 713 1813 numeris
731 1754 781 1801 aut
796 1736 919 1818 descrip-

238 1817 366 1879 nonhus
384 1818 602 1900 explicandum.
623 1818 776 1883 Platonem
793 1814 889 1889 ferunt
907 1860 920 1891 ,

238 1886 272 1970 itt
292 1896 314 1959 P
338 1898 494 1982 thagore'os
515 1899 730 1985 cognosceret,
752 1900 784 1959 in
808 1896 919 1959 ltaliam

238 1981 307 2041 ven'
332 2000 373 2054 e,
397 1982 429 2041 &
459 1983 489 2041 in
515 2002 551 2041 ea
575 2001 664 2062 quum
692 1979 764 2040 alios
785 1978 920 2052 multos,

237 2059 398 2120 lum'Arch
420 2064 481 2120 'tarn
499 2060 715 2142 Tymaeumque
732 2056 920 2142 cognovisse,

236 2138 272 2199 &
294 2140 380 2199 didici
402 2162 418 2201 e
437 2141 622 2223 Pythagorea
640 2143 761 2214 omnia3
779 2143 919 2220 primum·

261 2239 298 2280 ue
327 2220 364 2282 dc
390 2222 552 2282 animorum
571 2225 727 2283 aeternitate
745 2241 806 2280 non
828 2220 920 2281 solimr

237 2239 351 2363 linsisse
371 2303 474 2374 idern,
495 2304 576 2384 quod
594 2303 796 2384 Pythagoras3
811 2300 863 2362 sed
874 2322 920 2360 ra·

238 2380 353 2441 tionem
378 2385 467 2442 etiam
490 2381 629 2444 attulisse:
656 2403 762 2464 quarn,
779 2383 837 2458 nisi
852 2379 917 2461 quid

133 2516 137 2521 ,
238 2457 333 2531 dicis,
360 2466 639 2541 praetermittamus,
669 2464 701 2524 δι
726 2464 801 2523 hanc
825 2477 915 2521 totam

236 2534 319 2618 spem
333 2540 555 2603 immortalitatis
575 2546 779 2627 relinquamus.
817 2554 819 2559 '
865 2582 867 2587 ·
891 2568 893 2573 ·

247 2656 251 2665 ι
279 2635 330 2691 40.
349 2619 390 2679 A.
411 2625 459 2682 An
478 2639 532 2696 tu,
557 2645 645 2704 quum
666 2646 715 2702 me
730 2628 760 2685 in
779 2621 916 2682 sumniam

236 2697 483 2779 exspellationem
498 2702 667 2778 ad'duxeris3
683 2701 809 2766 deseris?
825 2714 919 2762 errare

235 2781 403 2842 mehercule
424 2785 501 2844 malo
525 2805 590 2844 cum
610 2785 754 2859 Platone,
781 2802 871 2863 quem
887 2798 920 2841 nr

235 2864 336 2940 quanti
363 2861 448 2924 facias
472 2864 555 2938 scio,
580 2867 611 2927 δι
692 2888 721 2926 m
740 2885 778 2926 ex
793 2878 847 2922 tuo
867 2879 921 2928 ore

234 2940 387 3016 admiror,
422 2945 510 3026 quim
535 2967 600 3006 curn
626 2949 634 3005 i
659 2950 682 3007 is
704 2965 775 3008 vera
802 2942 919 3004 sentire.

235 3015 283 3088 M.
303 3023 403 3092 Malle
431 3030 563 3097 virtuto:
585 3048 644 3112 ego
670 3029 753 3129 em‘m
771 3022 920 3109 ipsccum
