2125 4067
339 530 495 601 Lrurtt
527 543 736 598 tuturus.
792 546 863 621 321

181 641 266 726 quid
285 642 322 703 ab
339 664 376 706 eo
394 645 604 706 divinationem
619 643 727 705 habere
746 643 871 705 videan-

184 741 252 799 tur,
270 730 326 803 qud
346 728 536 805 providentes
553 723 623 804 quid
635 726 665 783 iu
685 742 780 785 morte
798 724 873 798 butri

183 806 223 863 sit
235 848 245 877 ,
256 825 324 862 cum
332 824 416 864 cantu
433 807 466 865 δι
477 806 630 884 voluptate
641 806 816 878 moriantur3
831 807 873 864 sic

184 885 325 945 omnibus
354 885 387 944 δι
407 883 491 944 bouis
515 885 550 944 &
572 883 661 944 doffis
680 880 736 944 effe
758 883 873 946 facien-

186 963 270 1023 dum.
293 960 358 1023 Nec
373 968 448 1025 verb
469 963 581 1024 dehoc
598 961 743 1043 quisquam
757 964 871 1026 dubita·

184 1063 221 1102 re
242 1041 335 1123 poffet
351 1088 365 1118 ‚.
380 1047 434 1104 nisi
450 1043 529 1104 idem
549 1043 633 1102 uobis
651 1042 811 1118 accideret,
828 1046 873 1104 di-

184 1123 311 1203 ligenter
333 1123 371 1184 de
389 1128 487 1185 animo
507 1121 722 1205 cogitantibus,
745 1124 823 1203 quod
840 1125 874 1185 iis
944 1151 948 1163 ·

184 1202 261 1283 saepe
273 1202 432 1277 usuvenit,
448 1207 496 1285 qui
514 1207 617 1264 acriter
629 1202 722 1264 oc'ulis
735 1201 875 1265 deficien-

184 1300 250 1345 tem
264 1283 354 1344 solem
368 1288 572 1356 intuerentur,
586 1302 620 1343 ut
630 1282 796 1364 adspedium
813 1304 881 1352 ome

186 1368 258 1433 uiuo
276 1366 464 1425 amitterent:
486 1366 526 1424 sic
546 1366 652 1424 mentis
677 1365 752 1423 acies
769 1362 799 1424 se
816 1361 875 1444 ipsa

186 1446 302 1504 intuens
317 1465 534 1584 nonnumrxuam
543 1441 686 1516 hebescit3
698 1443 738 1503 ob
751 1463 878 1525 eamque

188 1523 302 1585 eausam
321 1542 461 1605 contemp
473 1525 539 1583 andi
563 1525 741 1606 diligentiam
764 1525 877 1585 amitti-

189 1626 268 1665 mus.
295 1602 401 1685 ltaque
426 1604 586 1676 dubitans,
610 1603 847 1684 circumspedans
862 1650 876 1679 ,

189 1685 345 1758 hesitans,
372 1684 461 1744 multa
476 1682 594 1748 adversa
609 1702 779 1760 revertens,
797 1706 880 1747 tatu·

187 1786 278 1846 quarn
296 1767 363 1825 tatis
378 1768 406 1837 iu
418 1767 489 1826 mari
501 1763 667 1841 immenso,
676 1765 773 1828 nostra
785 1766 878 1835 vehi·‚

187 1862 236 1906 tur
253 1863 357 1907 oratio.
400 1892 404 1899 .

230 1945 281 2003 74.
302 1925 361 1989 Sed
377 1925 439 1988 hac
459 1927 491 1988 &
514 1946 642 2002 vetera,
667 1926 700 1988 &
720 1950 736 1988 a
753 1925 879 1991 Graecisi

190 2005 268 2068 Cato
293 2027 391 2069 autem
411 2011 451 2067 sic
471 2009 577 2087 abiite
598 2010 685 2080 vita,
707 2023 739 2066 ut
763 2007 879 2068 causam

189 2089 334 2149 moriendi
353 2087 466 2147 radium
485 2086 514 2148 se
535 2084 592 2148 effe
613 2083 761 2169 gauderet.
786 2086 877 2147 Vetat

191 2171 269 2229 enim
285 2168 438 2228 dominans
453 2168 503 2227 ilie
517 2170 550 2226 in.
566 2167 651 2227 nobis
670 2166 759 2240 deus,
775 2162 878 2244 injuffu

191 2247 257 2308 hinc
277 2270 331 2308 tros
350 2249 400 2307 suo
416 2247 600 2327 demigraret
637 2268 707 2305 uum
721 2247 795 2307 verb
807 2268 878 2307 cau·

191 2329 249 2388 sam
275 2327 378 2408 justam
403 2326 474 2386 deus
501 2325 560 2405 ipse
583 2267 723 2399 dederit,
750 2343 781 2386 ut
806 2344 876 2389 tunc

191 2407 304 2471 Socrati
321 2408 336 2482 ,’
349 2429 425 2467 nunc
442 2404 575 2478 Catoni,
598 2405 674 2487 saepe
694 2407 813 2483 multis;
831 2430 880 2471 nee

190 2490 240 2550 ille
253 2533 262 2562 ‚
277 2489 389 2550 medius
408 2486 490 2548 fidius
504 2532 519 2562 ,
530 2490 575 2546 vit
592 2487 701 2570 sapiens
713 2534 727 2558 ,
737 2489 817 2549 loetus
838 2511 875 2551 ex

191 2569 235 2630 his
250 2572 376 2630 tenebris
391 2572 420 2629 in
435 2571 528 2630 lucem
542 2569 620 2630 illam
632 2569 789 2632 excefferit.
810 2569 875 2631 Nec

191 2667 291 2710 tamen
313 2651 360 2709 illa
379 2652 474 2709 vincla
495 2654 615 2711 carceris
635 2653 742 2731 ruperit
761 2672 774 2723 3
796 2652 882 2733 [eges-

160 2764 162 2769 v
192 2732 274 2791 enim
290 2745 406 2787 vetant:
428 2729 476 2788 sed
493 2748 678 2808 tamquam
694 2727 877 2810 magistratu,

192 2826 244 2870 aut
256 2809 291 2866 ab
308 2808 402 2886 aliqua
414 2806 555 2886 potestate
572 2810 716 2888 legitime,
733 2813 800 2868 sica
817 2810 882 2871 deo

195 2906 339 2950 evocatus
355 2902 440 2966 atque
459 2884 570 2946 emiffus
587 2890 698 2947 exierit.
718 2892 788 2948 Tota
806 2892 880 2950 eninr·

191 2966 412 3052 philofhpltorum
430 2967 490 3029 vita
500 3011 517 3044 „
528 2983 567 3028 ut>
577 2968 617 3029 ait
632 2966 730 3044 idern,
747 2990 882 3044 commem·

195 3051 267 3114 tatia
283 3050 377 3113 muttit
393 3048 441 3132 ‘fl‘
702 3128 734 3196 0
852 3109 855 3115 .

735 3134 741 3155 Ι

754 3158 777 3207 V.
