2125 4067
246 486 323 601 1³94
402 504 479 575 Du
510 520 755 574 rturnvs

242 623 329 693 bile;
354 616 461 680 deinde
482 621 584 699 reliqui
603 616 729 700 gradus:
745 616 797 681 sed
815 638 875 702 ego
899 620 931 684 in

241 702 299 762 hoc
315 698 415 761 resisto
435 718 442 758 :
463 700 572 761 eodem
590 701 669 759 enirn
687 699 781 761 modo
803 700 859 761 tibi
874 722 932 763 ne·

242 802 294 842 mo
313 780 409 855 dabit,
425 780 506 861 quod
521 778 720 860 expetendum
735 781 794 851 sit,
815 781 848 840 id
871 781 930 845 effe

241 861 396 922 laudabile.
424 860 498 921 Illud
525 859 600 923 veri>
629 859 749 919 minime
775 860 931 934 conseill-¹

241 944 338 1014 rium,
357 941 407 1002 sed
428 943 458 1001 in
475 943 574 1023 primis
591 939 681 1000 hebes
698 939 842 1016 illorum,
862 942 930 1023 glo·

240 1025 363 1084 tiatione
381 1022 498 1104 dignam
515 1020 571 1083 effe
583 1020 698 1081 beatam
716 1022 830 1094 vitam,
849 1023 937 1104 quod·

241 1124 303 1164 non
319 1105 415 1185 possit
432 1105 493 1164 sine
511 1098 663 1163 honestate
682 1102 879 1183 contingere,
895 1119 935 1180 ut

240 1181 305 1267 jure
320 1183 466 1266 quisquam
479 1183 629 1265 glorietur.

257 1304 261 1311 -
286 1283 340 1347 51..
348 1263 440 1324 Dabit
455 1264 514 1324 hoc
534 1263 646 1324 Zenoni
663 1258 829 1335 Polemon,
842 1263 937 1324 eriam-

242 1343 374 1427 magister
384 1341 445 1427 ejus
454 1343 507 1418 ,ἃ
519 1359 582 1405 toea
593 1343 643 1402 illu
651 1362 742 1424 gens,
757 1341 790 1401 ὃ(
801 1343 905 1425 reliqui
917 1386 928 1418 ,

244 1428 295 1508 qui
305 1427 441 1486 virtutem
453 1425 588 1485 omnibus
602 1423 688 1483 rebus
699 1420 793 1482 multi>
801 1440 928 1503 antepo-

242 1522 366 1579 nentes,
383 1501 470 1582 adjun
530 1506 581 1568 tei
589 1520 687 1564 tamen
696 1502 806 1583 aliquid
813 1501 927 1564 summo

242 1586 364 1645 inbono
382 1583 471 1646 finien
492 1607 522 1646 o.
540 1584 570 1646 si
588 1587 666 1645 enim
680 1585 771 1644 virus
789 1581 928 1666 dignust

243 1665 432 1748 gloriatione,
441 1684 474 1727 ut
485 1664 543 1740 est,
552 1682 722 1746 tantumque
730 1661 845 1744 praestat
852 1681 927 1726 cete·

243 1749 281 1807 ris
294 1747 399 1821 rebus,
411 1762 443 1806 ut
454 1746 511 1808 dici
524 1749 573 1807 vix
583 1747 696 1826 possit3
712 1745 745 1806 &
757 1745 864 1806 beatus
873 1742 933 1815 effe,

244 1829 354 1909 poterit
367 1830 473 1889 virtute
482 1826 541 1888 uni
578 1826 715 1897 raeditus,
733 1845 837 1887 carens
848 1841 927 1887 cete·

244 1909 283 1968 ris
297 1929 306 1981 ;
318 1928 372 1970 nec
385 1925 483 1968 tamen
499 1848 577 1968 illuri)
583 1906 635 1966 tibi
647 1905 813 1980 concedet,
824 1921 926 1987 prater

245 1989 385 2051 virtutem
394 1989 464 2049 nihil
479 1988 607 2048 inbonis
624 1985 925 2047 circumeuntium

245 2087 366 2146 autem,
384 2069 491 2150 ¹quibus
503 2067 646 2128 summunt
662 2067 774 2127 bonurn
792 2068 855 2128 sine
868 2067 925 2127 vir-

245 2166 309 2210 tute
321 2147 362 2209 est
375 2193 384 2222 ,
403 2170 463 2208 non
476 2149 584 2208 dabunt
595 2145 732 2217 fortaffe,
751 2148 844 2207 vitam
856 2148 927 2208 bea·

244 2247 307 2290 tam
316 2230 424 2291 hahere
434 2231 463 2289 in
473 2250 532 2310 quo
543 2227 605 2307 jure
615 2229 706 2310 possit
718 2226 836 2367 {lorini
847 2247 858 2301 3
875 2228 928 2289 etsi

244 2311 286 2370 illi
296 2311 414 2393 quidem
432 2311 518 2371 etiarn
537 2309 705 2390 voluptates
733 2308 929 2369 aciuntiuter·

247 2389 318 2448 dum
343 2390 490 2471 gloriosas.
517 2389 611 2450 Vides
630 2390 742 2470 igitur,
766 2403 798 2449 te
819 2404 872 2448 aut
894 2407 935 2449 es·

245 2468 381 2540 sumere,
402 2490 465 2549 quae
483 2489 544 2527 non
559 2469 777 2541 concedantur,
802 2484 854 2529 aut
870 2487 927 2542 ea,

245 2569 316 2687 qu}
324 2545 555 2687 {tiitngontiesia
568 2592 581 2642 ’.
596 2565 627 2608 te
638 2545 839 2688 nihil'ljuveiztjtt·¹⁸⁵
924 2628 926 2633 Ι

379 2670 388 2687 .
473 2649 482 2685 ι
914 2658 928 2675 ·

245 2708 421 2770 clusionibus
430 2648 488 2768 fulge
499 2646 936 2789 {ffiaigmogiililllogphiinffl

245 2811 304 2873 que
324 2791 464 2873 dignum,
482 2789 514 2850 &
528 2788 653 2851 maxime
673 2809 764 2870 quum
784 2785 928 2850 summum

246 2873 357 2933 bonum
367 2889 560 2953 quaereremus
570 2917 580 2946 ‚
590 2871 682 2930 vitam
695 2867 846 2945 nostram,
859 2888 933 2949 con-¹

246 2954 308 3015 sila
317 2999 327 3030 ,
344 2953 532 3030 voluntates,
551 2971 614 3016 non
625 2951 718 3017 verba
730 2949 834 3034 corrigi
845 2968 854 3012 τ
867 2949 929 3033 quii
