2125 4067
161 517 241 615 560
290 514 705 585 Tuscurrrrnnunr

163 635 213 728 qui
231 633 355 714 primum
372 649 425 710 per
440 627 469 689 se
489 628 544 710 ipsi
563 627 735 708 plerumque
753 622 845 693 confi,-

161 731 240 775 erunt
265 712 440 772 hominem:
465 711 509 768 sin
532 706 609 769 forte
634 708 845 789 longinquitate

159 791 294 879 produdii
319 789 525 852 vehementius
552 804 651 848 tamen
676 805 847 870 torquent,

156 873 250 964 quim
270 889 301 933 ut
320 869 403 932 causa
420 873 475 944 sit,
494 876 543 930 cui
558 864 707 942 ferantut;
725 867 849 950 quidest

160 954 283 1015 tandem
302 946 324 1024 ,Γ
343 951 382 1012 dii
410 951 483 1010 boni
505 949 513 1010 i
539 949 624 1031 quod
644 949 849 1023 laboremus?

160 1052 265 1116 portus
286 1033 364 1095 enim
386 1029 488 1112 praesti>
509 1025 579 1105 est,
606 1033 745 1111 quoniam
771 1051 852 1091 mors

161 1115 273 1178 ibidem
289 1110 350 1189 est,
367 1129 505 1174 aeternum
516 1111 587 1172 nihil
601 1111 735 1174 sentienti
750 1131 853 1193 recep·

94 1249 97 1255 .
161 1194 301 1257 taculum.
340 1257 354 1268 ,,
552 1256 554 1260 ,

218 1274 284 1336 118.
313 1269 490 1334 Theodorus
519 1267 698 1350 Lysimacho
722 1286 853 1333 mortem

163 1355 327 1418 minitanti:
346 1356 482 1436 Magnum
497 1353 582 1425 ueri,
598 1355 711 1433 inquit,
724 1351 832 1433 effecisti
839 1396 853 1425 ,

165 1437 194 1496 si
221 1435 392 1507 cantharidis
421 1436 477 1495 vim
502 1433 659 1512 consecutus
683 1455 721 1494 es.
749 1432 853 1493 Paulus

164 1512 260 1576 Persae
277 1511 471 1596 deprecanti,
489 1532 528 1573 ne
546 1515 576 1573 in
595 1514 744 1593 triumpho
762 1513 855 1582 duce,-

166 1612 266 1670 rerur,
284 1594 318 1655 In
333 1614 381 1656 uta
397 1598 430 1655 id
443 1597 549 1674 quidem
582 1595 687 1674 otessate
702 1597 746 1674 est.
757 1592 855 1654 Multa

166 1679 263 1757 primo
281 1677 348 1745 die,
368 1696 457 1756 quum
468 1675 505 1735 de
521 1616 581 1754 ipti
596 1691 693 1736 morte
710 1693 856 1756 quarere-

162 1758 232 1816 ‘mus
253 1776 263 1827 ;
288 1777 349 1815 non
372 1776 463 1834 pauca
485 1755 574 1814 etiam
591 1752 709 1835 postero
728 1795 744 1826 ,-
763 1774 855 1835 quum

166 1852 301 1918 ageretur
320 1834 357 1894 de
376 1835 479 1895 dolore
493 1878 503 1908 ,
516 1832 578 1894 sunt
592 1833 665 1894 diua
683 1835 720 1897 de
736 1850 855 1907 morte3

167 1937 234 1999 quae
251 1917 299 1997 qui
317 1914 503 1988 recordetur,
521 1915 599 1974 haud
613 1913 680 1988 sane
733 1913 854 1979 ticulum

170 1995 233 2071 est,
251 2017 289 2056 ne
306 2004 366 2056 non
385 2014 512 2074 mortem
532 2012 582 2054 aut
601 2013 692 2076 optau
713 2015 760 2056 atn
775 2040 787 2070 ,
806 1992 856 2061 aut

169 2077 249 2138 cette
267 2098 327 2135 non
342 2075 506 2155 timendam,
520 2091 615 2154 putet.
839 2078 855 2144 j

211 2155 307 2218 XLI.
333 2155 408 2216 Mihi
436 2153 554 2237 quidem
577 2158 607 2214 in
632 2157 694 2214 vita
715 2154 858 2217 servanda

171 2237 288 2299 videtur
306 2237 353 2296 illa
372 2237 439 2309 lex,
458 2238 567 2316 quaein
589 2234 763 2306 Graecorurn
784 2257 858 2296 con·

171 2319 257 2378 viviis
278 2318 425 2377 obtinetur
444 2338 454 2390 3
472 2322 521 2377 aut
538 2316 618 2375 bibat
637 2360 646 2388 ,
667 2318 786 2397 inquit,
807 2332 858 2376 aut

171 2398 266 2457 abeat.
288 2397 325 2456 Et
345 2397 430 2458 rede.
453 2395 514 2456 Aut
534 2400 612 2457 enim
628 2396 736 2456 fruatur
754 2398 858 2476 aliquis

172 2479 279 2558 pariter
300 2500 365 2535 cum
384 2478 443 2536 aliis
462 2478 615 2557 voluptate
630 2476 749 2557 potandi
760 2497 770 2548 ;
789 2494 855 2550 aut,

173 2577 211 2617 ne
226 2556 333 2615 sobrius
349 2560 378 2614 in
393 2559 563 2617 violentiam
573 2559 793 2635 ¹vinolentorum
808 2559 858 2616 in·

173 2637 270 2709 tidat,
289 2638 354 2697 anti
374 2637 514 2698 discedat:
532 2641 571 2698 sic
589 2635 857 2716 injuriosiortunae,

195 2740 243 2778 uas
263 2716 338 2781 ferre
354 2738 499 2799 nequeas,
515 2717 692 2802 defugiendo
704 2717 861 2796 relinquas.

173 2740 249 2858 ilaec
267 2800 388 2870 eadem,
405 2822 468 2881 quae
485 2799 641 2879 Epicurus,
652 2798 779 2859 totidem
788 2817 860 2857 ver·

174 2879 219 2937 bis
237 2880 305 2939 dicit
327 2881 358 2940 &
376 2879 588 2960 Hieronymus.
609 2878 744 2959 Quodsi
762 2878 782 2938 ii
796 2879 863 2958 phi·

173 2957 312 3039 losophi‚
335 2983 457 3042 quorum
471 2981 506 3020 ea
521 2960 660 3021 sententia
678 2958 739 3032 est,
756 2974 789 3018 ut
801 2962 862 3036 vir·

173 3050 219 3099 tus
245 3062 300 3122 per
325 3041 353 3104 se
379 3041 438 3126 ipsa
463 3043 534 3104 nihil
559 3042 684 3116 valeat3
712 3059 863 3124 omneque

77 3292 210 3545 eq
