2125 4067
185 394 238 472 40
340 375 414 445 Dr
455 357 731 445 pintano

184 491 258 552 dicia
283 489 451 552 defendere.
479 487 634 570 Quidquid
654 488 744 630 pond
767 489 870 552 animo

188 573 354 643 cernimus,
372 572 402 633 id
419 588 510 631 omne
524 571 641 630 oritura
666 571 804 631 ensibust
819 573 869 653 qui

185 654 210 712 si
226 672 328 712 omnes
345 669 428 713 erunt
440 652 524 722 veri,
541 666 573 708 ut
586 649 701 731 Epicuri
716 653 792 710 ratio
810 652 869 712 do·

184 750 233 792 cet
244 753 254 805 ;
265 749 328 793 turn
348 733 474 814 denique
492 733 602 812 poterit
615 731 723 813 aliquid
738 751 869 813 cognos-¹

154 815 157 821 ’
185 813 407 894 ci&percipi:
429 832 502 893 quoa
522 812 573 891 qui
593 811 727 884 tollunt,
746 813 779 871 &
797 811 870 872 nihii

184 891 267 974 posse
279 896 390 975 percipi
400 893 518 963 dicunt,
529 892 548 951 ii
558 936 568 966 ,
580 893 706 953 remotis·
714 891 844 952 sensibus
856 936 870 968 ,

185 991 224 1032 ue
245 973 276 1032 id
301 972 393 1053 ipsum
418 972 539 1055 quidem
560 973 700 1054 expedire
721 970 838 1053 possunt
857 990 892 1044 ,·

184 1053 267 1148 quod
287 1052 431 1114 disserunt.
455 1052 622 1127 Praeterea,
639 1052 749 1112 sublati
765 1053 869 1135 cogni-

184 1147 267 1194 tione
286 1135 319 1194 &
338 1132 474 1204 sciendi,
493 1131 603 1192 tollitur
623 1136 718 1193 omnis
737 1134 813 1208 ratio
836 1134 869 1194 dt

185 1215 253 1275 vitae
271 1214 413 1308 degendae
424 1259 437 1286 ,
448 1212 480 1271 &
493 1231 590 1272 rerum
601 1212 803 1296 gerendarum.
822 1212 869 1273 Sic

186 1312 205 1354 e
236 1294 363 1374 physicis
391 1294 424 1352 &
447 1291 593 1352 'fortitudo
622 1292 741 1354 sumitur
766 1311 871 1354 contrat

186 1376 289 1432 mortis
305 1376 460 1445 timorem3
478 1373 511 1432 δι
522 1371 682 1433 constantia
693 1390 795 1433 contra
808 1393 872 1434 rne-

186 1467 251 1513 tum
267 1454 429 1535 religionia;
446 1451 598 1514 &sedatio
615 1456 721 1526 animi,
738 1457 871 1514 omnium

187 1553 285 1594 rerum
304 1535 480 1595 occultarum
496 1535 680 1615 ignoratione
696 1533 805 1611 sublati
815 1555 827 1607 ;
838 1536 872 1596 dt

187 1614 374 1689 moderatio,
389 1615 489 1674 naturd
502 1614 691 1695 cupiditatum
703 1612 873 1696 generibus-

117 1751 118 1756 ,
188 1714 247 1776 que
265 1715 363 1756 earum
382 1696 550 1776 explicati53
572 1697 604 1757 &
621 1695 635 1778 (
650 1695 790 1771 utmodd
812 1696 872 1756 do·

188 1773 261 1858 cui)
279 1778 451 1858 cognitionis
469 1775 617 1858 reguli&
636 1772 745 1853 judicio
766 1776 803 1834 ab
819 1795 873 1836 ea-

184 1854 258 1916 dem
276 1857 324 1917 iila
339 1854 514 1930 constituto,
527 1858 592 1917 veri
608 1878 626 1916 a
642 1855 713 1917 falso
731 1855 872 1918 distinffio

188 1937 320 1999 traditur.

229 2015 303 2077 XX.
326 2017 427 2078 Restat
439 2019 524 2078 iocus
535 2016 601 2075 huie
622 2015 805 2096 disputationi
821 2016 873 2078 vei

189 2099 316 2158 maximi
331 2096 502 2158 necessarius
512 2097 549 2155 de
564 2099 706 2171 amicitia,
723 2119 829 2178 quana,
848 2099 872 2157 si

191 2179 326 2260 voluptas
345 2178 485 2239 summum
508 2178 544 2236 sit
567 2177 704 2252 bonurn,
728 2175 873 2237 affirmatis

193 2258 301 2317 nullam
327 2263 448 2319 omnino
473 2258 563 2318 fore:
586 2258 624 2318 de
649 2279 705 2339 qua
732 2257 873 2338 Epicurus

194 2337 312 2414 quidem
332 2340 369 2396 ita
389 2339 478 2396 dicit:
494 2339 613 2396 omniunt
628 2358 712 2397 rerum
724 2382 733 2410 ,
746 2361 816 2417 quas
834 2340 874 2398 ad

194 2416 270 2474 beate*
282 2419 425 2475 vivendum
434 2417 576 2495 fhpiemia
589 2438 644 2474 com
664 2421 803 2489 araverit,
825 2423 875 2478 ni·

194 2496 239 2554 hil
250 2494 299 2572 effe
315 2494 405 2576 majus
419 2498 563 2569 amicitiai,
577 2440 787 2571 nihifuberius,
801 2499 874 2558 nisis

140 2626 144 2632 .
187 2573 351 2657 jucundius.
380 2575 483 2656 Neque
504 2576 578 2634 verb
599 2577 657 2634 hoc
673 2581 806 2639 oratione
826 2577 874 2639 so·

164 2663 166 2666 ⁴
193 2656 274 2730 sum,
294 2656 343 2716 sed
362 2656 452 2716 muitd
472 2657 561 2735 magis
576 2656 658 2728 viti,
677 2658 709 2717 δι
723 2656 873 2732 Μηδὲ

193 2738 323 2799 motibus
345 2737 572 2816 comprobavit:
598 2737 678 2875 puod
696 2738 782 2820 quim
804 2760 875 2799 ma.

195 2837 284 2909 gnum
302 2820 337 2876 sit
348 2863 357 2892 ,
368 2815 440 2876 fitiae
451 2833 585 2876 veterum
612 2817 703 2877 abulae
714 2818 875 2905 declarant3

196 2916 227 2955 tn
248 2899 348 2983 quibus
366 2914 426 2960 tam
446 2897 543 2958 nauis
564 2914 682 2982 tamque
702 2903 790 2962 variis
805 2944 819 2976 2
835 2903 877 2963 ab·
