2125 4067
255 476 413 546 Lrnnn
448 488 695 560 otrannus.
741 470 817 563 189·

132 605 253 670 propter
270 593 409 650 virtutem
422 587 511 669 ipsam
527 589 680 658 viderant,
697 582 820 665 abjece-

133 688 218 741 runt;
233 671 337 742 obliti,
351 687 482 729 naturam
494 690 616 730 omnem
636 666 819 748 appetenda·

131 770 197 808 rum
213 769 310 809 rerum
329 752 369 807 ita
388 750 445 808 late
459 765 580 828 patere,
593 766 653 809 uta
674 748 819 828 principiis

131 847 322 908 permanaret
343 828 381 886 ad
401 827 496 900 fines3
517 848 611 908 neque
631 829 818 908 intelligunt,

134 907 166 966 se
185 926 284 965 rerum
301 907 414 965 illarum
430 907 613 985 pulchrarum
626 924 710 987 atque
728 908 823 980 adrniq

137 985 273 1046 rabilium
294 985 483 1046 fundamenta
495 985 663 1046 subducere.
835 1032 839 1039 .

178 1063 280 1125 XVI.
302 1065 347 1126 lta
369 1068 410 1127 ue¹
419 1067 491 1125 mihi
504 1066 641 1127 videntur
654 1085 755 1126 omnes
765 1069 825 1147 qui·

137 1145 207 1206 dem
220 1146 261 1205 illi
274 1086 400 1218 errasle,
421 1149 471 1228 qui
491 1144 583 1206 finem
603 1146 751 1206 honorum
770 1144 826 1206 elle

137 1226 272 1288 dixerunt
298 1225 419 1286 honeste
443 1229 559 1291 vivere.
584 1224 644 1286 Sed
671 1226 746 1285 aliur
768 1225 828 1285 alio

137 1311 228 1388 magis
248 1327 256 1366 ι
275 1305 390 1387 Pyrrho
407 1305 515 1368 scilicet
531 1306 679 1378 maxime,
701 1307 751 1386 qui
767 1305 830 1366 vir·

137 1404 201 1447 tute
222 1385 394 1461 constitutit,
413 1388 481 1446 nihil
501 1389 650 1458 omnino,
672 1384 754 1467 quod
770 1407 828 1467 ap-

137 1467 302 1548 petendum
323 1468 379 1541 sit,
400 1468 558 1549 relinquat:
579 1466 685 1528 deinde
703 1464 825 1543 Aristo,

139 1549 191 1626 qui
211 1548 281 1606 nihil
297 1548 457 1628 relinquere
470 1553 530 1608 non
547 1546 588 1608 est
606 1547 707 1619 ausus;
728 1548 826 1608 intro·

140 1628 223 1687 duxit
235 1645 351 1700 autem,
385 1627 464 1688 uibus
475 1645 638 1689 commotus
648 1627 758 1709 sapiens
771 1650 825 1709 ap·

139 1726 256 1788 peteret
276 1648 403 1788 aliquil,
424 1709 504 1789 quod
523 1710 624 1790 cuique
644 1731 674 1768 in
693 1725 825 1770 mentem

139 1789 300 1861 incideret,
326 1790 359 1848 &
382 1790 584 1870 quodcumque
602 1794 752 1871 tamqnam
771 1811 824 1850 oc·

141 1887 293 1930 curreret:
317 1869 340 1927 is
361 1869 423 1928 hoc*
440 1871 547 1932 melior
572 1870 658 1950 quim
685 1869 799 1950 Pyrrho
813 1898 837 1946 ,.·

141 1950 221 2088 quod
240 1949 291 2010 vel
310 1949 428 2030 aliquod
441 1966 533 2032 genus
545 1950 704 2087 appetendi
723 1949 825 2021 dedit3

163 2032 270 2090 eterior
282 2028 370 2110 quim
387 2033 499 2102 ceteri,
518 2029 577 2109 quo
615 2031 731 2109 penitus
744 2051 761 2087 a
775 2049 850 2088 nav

141 2127 207 2169 tura
228 2113 356 2170 recessit.
380 2107 471 2169 Stoici
490 2126 613 2181 autem,
636 2108 718 2189 quod
738 2106 830 2170 finem

142 2191 294 2249 bonorum
315 2191 346 2246 in
365 2209 422 2247 una
441 2193 551 2248 virtute
568 2196 704 2268 ponunt,
721 2188 829 2248 similes

144 2268 211 2329 sunt
229 2268 360 2327 illorum:
379 2267 459 2346 quod
476 2284 575 2326 autem
591 2269 763 2348 principium
782 2268 832 2328 of·

144 2347 203 2409 ficii
219 2363 371 2430 quaerunt,
387 2347 489 2407 melius
503 2346 592 2429 qulnn
605 2346 735 2427 Pyrrho:
749 2349 829 2430 quod

145 2450 180 2490 ea
200 2428 383 2490 occurrentia
395 2447 455 2488 non
467 2425 598 2510 lingunt,
610 2430 731 2490 vincunt
745 2432 839 2492 Aris-J

145 2528 265 2570 ronem:
281 2507 471 2590 quod-autent
489 2529 523 2571 ea
535 2554 547 2582 ‚
558 2528 622 2590 <qua
639 2511 675 2570 ad
691 2526 827 2573 naturam

145 2589 367 2651 accommodata
394 2590 502 2670 &per
525 2589 556 2650 se
579 2589 743 2652 assumenda
770 2591 829 2654 effe

146 2671 244 2732 dicunt
259 2714 274 2741 ‚.
290 2691 352 2729 non
375 2667 536 2752 adjungunt
559 2669 598 2729 ad
618 2670 718 2732 finem.
731 2673 832 2731 bono·

145 2772 229 2822 rum,
247 2747 403 2808 desciscunt
418 2771 436 2807 a
445 2768 565 2821 natura,
580 2750 613 2809 &
626 2751 757 2829 quodam
770 2771 834 2809 mo·

148 2831 191 2889 do
206 2829 269 2887 sunt
278 2847 338 2885 non
352 2827 502 2888 dissimiles
517 2826 677 2887 Aristonis:
693 2829 742 2888 ille
752 2830 831 2888 eninr

147 2910 331 2972 occurrentia
347 2903 448 2965 nescio
459 2927 525 3049 plna
538 2908 811 2967 comminiscebatur
820 2928 842 2982 3·

147 2993 179 3055 hi
197 3006 299 3055 autem
317 2987 458 3069 ponunti
506 2983 626 3069 quidem
638 2988 730 3069 prima
746 2998 831 3053 nata«
