2125 4067
88 319 189 372 reteris
205 320 355 393 proverbii
371 321 545 389 admonitu,
559 321 697 375 vivorum·

88 392 145 451 ini:
158 412 214 455 nec
228 408 327 453 tamen
339 389 457 475 Epicuri
467 394 538 455 licet
548 392 698 468 oblivisci,

88 472 163 552 piam
173 491 184 546 ;
202 470 283 533 cu'us
299 475 456 557 imaginem
473 495 536 534 non
555 460 647 535 mod&
664 476 695 534 in

88 556 111 613 is
122 551 212 613 nostri
223 494 696 637 dmiliaresdedetiaminpocu·

100 634 129 693 in
145 634 255 694 annulis
271 634 387 697 habent.

88 710 172 772 .Hic
191 734 270 795 ego,
288 712 465 797 Pomponius
486 714 625 799 quidem,
642 714 691 775 in·

87 810 120 865 1,
148 792 245 866 noste:
260 790 351 873 jocari
365 797 500 870 videtur,
525 796 558 857 &
572 793 701 857 fortaffe.

89 891 159 933 ure:
179 876 218 935 ita
234 877 314 934 enim
328 874 451 938 Athenis
467 876 497 937 se
514 876 692 952 collocavit,

87 973 181 1034 :pene
201 976 271 1015 unus
287 975 324 1017 ex
337 955 464 1031 Atticis,
476 974 508 1018 ut
520 956 689 1018 indeetiam

87 1053 175 1094 omen
192 1036 325 1097 videatur
337 1037 495 1099 habiturus.
515 1034 579 1118 Ego
592 1053 692 1096 autem

103 1111 188 1188 Piso,
208 1114 364 1192 assentior,
386 1118 439 1179 usu
462 1116 521 1176 hoc
543 1118 693 1188 evenire,

87 1195 149 1255 :ihs
168 1195 316 1277 aliquantb
335 1199 369 1257 &
395 1197 531 1257 attentius
555 1194 592 1254 de
612 1194 696 1252 claris

88 1317 99 1347 ,
114 1274 247 1335 locorum
259 1276 431 1350 admonitu,
447 1295 484 1347 ρο
505 1276 628 1334 itemus:
643 1271 697 1332 scis

87 1372 156 1413 {me
179 1355 307 1434 quodam
327 1372 463 1437 tempore
524 1370 697 1432 etapontutn

87 1428 123 1493 [se
131 1449 240 1508 tecum,
247 1455 302 1494 nec
312 1434 350 1494 ad
357 1435 501 1515 hospitem
510 1432 695 1493 ambdever-

86 1557 92 1583 ,
104 1511 194 1592 quhm
205 1512 378 1596 Pythagora
387 1513 479 1596 ipsum
488 1512 569 1572 illum
579 1511 696 1587 locum,

86 1595 170 1659 witam
191 1594 323 1657 ediderat
343 1639 355 1670 ,
378 1594 536 1675 sedemque
550 1591 697 1655 viderim:

88 1690 186 1735 nutem
204 1693 364 1758 tempore,
385 1678 439 1739 etsi
454 1674 546 1735 multa
562 1675 592 1735 in
611 1675 694 1736 omni

86 1775 92 1813 e
110 1752 289 1819 Athenarum
309 1755 372 1818 sunt
390 1759 421 1819 in
438 1757 508 1837 ipsis
527 1755 600 1816 locis
616 1755 695 1815 indi-

86 1832 256 1897 summorum
279 1840 430 1912 virorum,
448 1854 548 1897 tamen
567 1854 626 1916 ego
644 1833 696 1893 111³

86 1934 137 1975 eor
155 1917 262 1976 exedra
279 1938 287 1976 ι
306 1916 398 1977 ωοάδ
423 1917 502 1976 enim
519 1911 575 1974 fuit
597 1910 698 1972 Char-

86 2014 134 2066 as,
162 2014 250 2070 quem
274 1995 375 2054 videre
402 1993 529 2055 videor:
556 1989 598 2072 ,⁸st
617 1991 697 2071 enim
