2125 4067
192 537 269 611 ¹24
347 519 425 588 Dr
467 532 719 589 rrrrrvs
769 558 777 569 ·

187 633 364 714 discipline,
381 633 502 692 omnino
513 631 566 691 alia
577 633 667 713 magis
677 630 733 691 alit
744 675 754 703 ‚
770 627 822 692 sed
832 645 876 693 tt·

188 733 258 774 men
275 732 398 784 omnes,
417 731 480 792 quae
501 732 563 772 rem
581 711 669 771 ullam
689 714 804 772 virtutis
822 733 875 773 ex·

186 811 302 875 pertem
314 809 362 851 aut
371 794 401 850 irt
415 793 500 851 bonis
510 809 559 852 aut
570 793 599 850 in
612 792 693 851 matis
703 811 875 866 numerem,

188 893 237 933 eas
265 893 325 932 non
350 871 442 932 modb
465 872 535 932 nihil
559 870 698 951 adjuvare
720 872 874 946 arbitror,

186 972 284 1034 neque
303 949 404 1013 afferre
416 951 474 1032 qub
490 951 627 1013 meliores
643 952 751 1027 simus,
771 951 876 1034 sedip·

188 1032 246 1093 sam
266 1032 425 1114 depravare
440 1050 590 1092 naturam:
610 1031 718 1092 namsi
737 1033 798 1093 hoc
816 1054 874 1093 noo

189 1114 381 1186 obtineatur,
402 1112 431 1172 id
450 1112 542 1173 solum
561 1113 672 1173 bonum
689 1109 769 1188 esse,
794 1112 875 1195 quod

188 1193 343 1255 honestum
361 1196 395 1252 sit
407 1213 417 1266 ;
429 1193 509 1254 nullo
521 1193 615 1254 modo
627 1193 745 1274 probari
762 1197 874 1274 possit,

188 1275 304 1336 beatam
314 1275 404 1333 vitam
416 1275 523 1334 virtute
534 1271 627 1334 effici:
680 1273 722 1332 od
734 1275 758 1334 si
769 1276 811 1334 ita
822 1275 874 1349 sit,

188 1377 240 1415 cur
263 1375 353 1435 opera
372 1353 560 1435 philosophia
580 1355 616 1413 sit
695 1353 731 1413 da
752 1353 873 1416 nescio:

186 1438 211 1493 si
236 1439 313 1495 enim
332 1433 444 1515 sapiens
464 1437 564 1515 aliquis
584 1432 668 1494 miser
685 1431 742 1495 esse
762 1436 874 1516 possit,

186 1537 233 1575 nae
250 1535 307 1597 ego
322 1513 403 1574 istam
419 1513 574 1597 gloriosam
593 1513 874 1598 memorabilemque

187 1599 326 1657 virtutem
344 1617 406 1657 non
422 1616 530 1677 magno
549 1594 746 1655 aestimandam
763 1615 875 1677 putem.

230 1675 291 1735 IV.
306 1675 383 1755 Quae
393 1675 507 1747 adhuc,
521 1673 618 1748 Cato,
632 1697 648 1735 a
662 1692 693 1737 re
709 1674 785 1737 ditia
795 1676 874 1752 sum,

188 1758 313 1829 eadem,
329 1760 465 1837 inquam,
483 1757 579 1817 dicere
595 1753 710 1837 posses,
727 1758 751 1814 si
769 1755 875 1840 seque-

188 1857 253 1897 rere
281 1836 464 1917 Pyrrhonem
483 1856 498 1909 ‚·
519 1853 567 1895 aut
594 1833 789 1897 Aristonem:
821 1857 874 1899 nec

187 1921 267 1977 enim
288 1919 429 2000 ignoras,
454 1917 498 1977 bis
521 1915 594 1976 istud
618 1914 793 1991 honestum,
815 1938 873 1978 non

186 1997 331 2058 summum
350 1998 468 2069 morib,
491 1997 542 2058 sed
563 1999 650 2059 etiam
668 2004 682 2073 (
699 2013 731 2057 ut
753 2014 784 2058 tu
801 2000 872 2070 vis)

187 2077 281 2139 solum
301 2080 411 2138 bonum
426 2079 536 2138 videri:
554 2079 633 2159 quod
652 2078 675 2136 si
694 2079 733 2137 ita
749 2075 810 2153 est,
827 2077 872 2140 se-

187 2161 284 2242 quitur
300 2159 329 2217 id
346 2158 454 2238 ipsum,
466 2159 546 2239 quod
558 2176 587 2218 te
602 2159 680 2218 velle
690 2158 801 2232 video,
814 2180 874 2220 om·

185 2262 241 2301 nes
264 2239 378 2322 semper
399 2240 500 2300 beatos
519 2237 576 2300 effe
594 2237 736 2320 sapientes
754 2259 762 2298 ε
783 2238 875 2302 hosne

187 2322 196 2376 i
218 2323 273 2379 itur
293 2321 417 2394 laudas,
437 2322 471 2380 &
491 2321 565 2380 hanc
583 2340 685 2380 eorum
701 2318 874 2381 sententiam

185 2341 266 2476 1qu
283 2421 337 2459 nos
352 2401 450 2460 censes
469 2401 637 2481 oportere?
656 2399 780 2460 Minime
798 2402 874 2463 verb

181 2475 305 2541 istorum
323 2479 462 2559 quidem,
477 2483 590 2560 inquit:
608 2501 697 2560 quum
716 2483 795 2541 enim
814 2483 875 2544 vir·

188 2560 257 2617 rutis
273 2556 330 2614 hoc
340 2560 488 2637 proprium
499 2563 536 2617 sit
547 2603 556 2631 ,
569 2579 668 2619 earum
679 2580 775 2622 rerum
786 2605 797 2634 ‚
808 2583 874 2644 quae

186 2638 342 2700 secundbm
358 2654 487 2697 naturam
498 2640 574 2711 sint,
589 2640 695 2701 habere
709 2642 874 2717 deleeium5

185 2723 236 2803 qui
254 2721 352 2780 omnia
363 2721 403 2778 sic
417 2738 658 2800 ertaequaverunt,
672 2738 704 2780 rtt
713 2723 744 2780 in
759 2742 875 2784 utram·

185 2824 244 2882 que
262 2818 375 2883 partem
392 2802 431 2859 ita
447 2802 526 2881 paria
543 2801 720 2874 redderent,
734 2806 777 2862 uti
794 2804 875 2864 nulli

182 2883 339 3021 peletiione
353 2899 522 2957 uterentur,
534 2885 671 2945 virtutem
682 2881 771 2963 ipsam
785 2882 876 2946 sustu·

197 2983 289 3024 erum.

229 3062 277 3122 13.
295 3042 372 3104 Istud
388 3045 673 3127 quidem‚inquam,
689 3045 810 3126 optime¹
825 3045 876 3117 di··¹
