2125 4067
160 578 165 585 Ι
252 476 412 549 Lr'm
451 460 699 562 Qurnru‘s.
740 494 816 568 249

133 587 225 674 'gestas
245 594 345 655 audire
367 593 401 653 &
427 590 527 673 legere
547 591 646 663 velle,
662 591 712 672 qui
731 612 747 651 a
769 591 820 672 spe

135 674 254 754 gerendi
274 673 395 744 absunt,
412 670 538 731 conseili
556 671 711 732 serenate.
731 671 820 751 Quo·

134 755 210 812 circa
229 755 351 834 intelligi
364 750 478 811 nocelle
499 749 563 823 est,
582 754 611 810 in
627 754 695 831 ipsis
712 754 817 826 rebus,

133 850 200 912 quae
219 832 365 892 discuntur
388 831 421 890 δι
443 828 682 911 cognoscuntur,
711 835 816 892 invita·

133 927 238 972 menta
246 909 333 971 inelle
343 955 353 983 ‚
364 909 465 990 qulbus
476 910 512 968 ad
523 909 686 970 discendum
696 911 817 995 cognos-

138 989 327 1072 cendumque
342 1004 526 1050 moveamur.

182 1086 229 1151 53.
242 1070 294 1130 Ac
315 1080 432 1130 veteres
450 1068 571 1208 Ἡιὶἀείῃ
587 1066 770 1150 philosophi,
788 1072 820 1133 in

135 1150 291 1211 beatorum
318 1148 433 1222 insulis,
480 1166 593 1231 ngunt‚
619 1149 709 1288 imus
729 1147 825 1211 furum

138 1231 174 1290 sit
188 1234 247 1291 vita
267 1230 438 1311 sapientium
451 1256 475 1302 ,·
501 1240 554 1289 uos
571 1251 621 1289 cur
658 1231 738 1289 omni
754 1229 826 1290 libe·

137 1326 245 1385 ratos,
269 1311 380 1370 nullum
409 1318 481 1370 nete
505 1313 596 1369 arium
624 1311 692 1369 vitae
714 1309 824 1370 cultum

137 1408 187 1450 aut
208 1402 340 1471 paratum
359 1392 562 1472 requirentes,
587 1390 656 1450 nrltil
674 1390 751 1449 aliud
766 1387 831 1452 elle·

138 1470 253 1532 ailuros
276 1488 401 1552 putant,
420 1473 471 1530 nisi
495 1486 527 1530 ut
542 1490 631 1532 omne
653 1482 766 1551 tempus
791 1474 832 1533 in'

139 1551 299 1630 quaerendo
318 1572 350 1610 ac
374 1548 532 1622 discendo,
548 1553 577 1609 in
594 1566 700 1611 naturae
717 1555 824 1632 cogni·

140 1635 223 1690 tione
242 1630 421 1691 consumant.
448 1629 513 1690 Nos
528 1649 625 1692 autem
650 1653 710 1692 non
728 1631 824 1693 sollum

139 1711 234 1771 beatae
251 1714 319 1771 vitae
332 1710 413 1770 istam
428 1708 652 1773 oblellationem
670 1712 824 1792 videmus,

140 1789 191 1852 fed
204 1793 290 1853 etiam
303 1793 500 1869 levamentum
517 1792 709 1854 miseriarum:
727 1795 829 1875 itaque'

141 1872 225 1932 multi
251 1886 346 1954 quum'
365 1874 395 1931 in
415 1870 559 1954 potestate
587 1872 676 1934 effert
701 1872 825 1936 hostium

141 1969 191 2012 aut
206 1968 420 2032 tyrannorum,
434 1953 516 2012 multi
535 1954 565 2011 in
581 1951 708 2012 cullodia
722 1998 731 2026 ,
743 1955 826 2014 multi

142 2034 171 2092 in
187 2032 311 2107 exsilio,
330 2033 466 2109 dolorem
480 2031 561 2091 suum
577 2032 712 2094 doilriuae
728 2028 827 2094 studiis

142 2113 337 2173 levaverunt.·

188 2210 235 2268 54.
260 2190 396 2270 Princeps
420 2189 506 2267 hujus
527 2194 650 2252 civitatis
671 2192 826 2254 Phalereus

144 2269 340 2343 Demetrius,
358 2291 446 2350 quum
456 2272 547 2350 patrii
558 2271 651 2352 pulsus
669 2272 737 2333 ellet
757 2272 835 2353 injui

143 2352 210 2423 ria,
234 2351 272 2410 ad
300 2349 492 2410 Ptolemaeum
514 2349 543 2412 se
566 2372 666 2435 regem
696 2353 830 2415 Alexan·

145 2434 236 2492 driam
267 2432 390 2492 contulit
412 2453 422 2504 ;
444 2433 492 2513 qui
514 2454 606 2514 quum¹
623 2436 652 2494 in
683 2435 736 2496 hac
767 2433 827 2518 ipsa

166 2510 257 2572 hiloso
281 2515 346 2586 hia,
360 2512 397 2572 'ad
432 2524 498 2572 uani
512 2531 542 2574 te
553 2514 720 2592 hortamur,
731 2518 831 2580 excels

144 2534 220 2653 leret
233 2637 242 2667 ‚
254 2534 503 2674 lheoplrralique
514 2593 584 2656 effer
594 2598 709 2675 auditor
719 2644 728 2672 ‚
737 2599 830 2660 multa

147 2674 283 2754 praeclara
301 2677 331 2732 in
354 2674 404 2732 illo
423 2675 590 2736 calamitoso
615 2681 677 2738 otio
698 2677 834 2758 {elipsim

146 2774 210 2813 nou
238 2753 275 2810 ad
299 2751 381 2810 usum
405 2754 529 2832 aliquem
546 2754 661 2829 suum,
687 2779 747 2836 quo
770 2774 832 2818 erat

147 2832 293 2898 orbatus3
314 2829 364 2888 led
376 2831 462 2889 animi
474 2833 567 2890 cultus
581 2836 630 2894 ille
642 2853 703 2894 erat
712 2838 740 2894 ei
752 2837 834 2914 quati
854 2902 857 2909 ,

172 2908 273 2970 uidam
286 2909 467 2967 humanitatis
480 2911 570 2968 cibus.
586 2911 730 2993 Equidem
745 2935 761 2974 e
776 2910 850 2978 Cn..

96 3055 99 3061 ,
181 2987 274 3053 ufidio
287 3034 297 3066 ,
311 2991 470 3072 praetorio,
485 2990 598 3055 erudito
611 2992 751 3138 humlianr,
766 2997 841 3073 ocu-'⁴¹

717 3098 739 3142 V
