2125 4067
178 383 180 387 ’
232 393 292 474 {14
378 379 454 447 Dr
500 391 755 447 Murrus

278 509 328 556 πο.
352 489 430 553 Nam
445 491 469 550 si
486 511 590 553 omnes
605 492 699 552 atomi
717 486 925 564 declinabam

236 573 324 635 nullae
351 592 488 654 umquam
513 571 736 634 cohaerescunt:
763 572 825 630 sive
858 571 922 632 aliae

237 653 441 726 declinabunt,
455 651 516 713 aliae
527 651 579 714 suo
593 670 665 712 nutu
681 650 756 713 τεὲὶὲ
775 649 928 725 ferentur;

237 735 363 816 primirm
384 735 439 794 erit
453 737 511 794 hoc
529 735 611 815 quasi
629 733 795 814 provincias
816 734 926 793 atomio

236 814 330 888 dare,
347 835 416 897 quae
429 813 505 874 reiie
521 857 532 884 ,
555 834 619 895 qua
638 812 760 895 oblique
775 810 923 873 ferantur:

234 893 344 956 deinde
371 893 475 955 eadem
500 892 549 954 illa
577 911 779 966 atomorum,
804 895 834 952 in
862 913 925 975 quo

237 977 326 1038 etiam
342 973 656 1048 Democritutxhaeret,
672 973 836 1034 turbulenta
852 995 926 1035 con·

237 1058 333 1119 cursio
354 1055 438 1116 hunc
453 1054 555 1114 mundi
578 1072 715 1114 ornatum
730 1051 845 1115 efficere
863 1075 929 1115 uon

237 1137 357 1220 poterit.
376 1135 425 1196 Ne
436 1132 506 1194 illud
523 1134 642 1214 quidem
653 1135 768 1216 physici
781 1132 845 1206 est,
863 1155 931 1195 cre·

237 1217 309 1287 dere
327 1214 434 1295 aliquid
450 1211 510 1274 effe
525 1216 700 1287 minimum,
714 1215 795 1297 quod
809 1214 929 1294 profec-

236 1298 271 1359 to
295 1315 455 1377 numquam
470 1293 654 1375 putaviffet‚
672 1296 695 1355 si
717 1317 738 1354 a
755 1294 896 1376 Polyano
915 1337 932 1370 „

236 1375 371 1439 familiari
385 1373 457 1449 suo,
474 1377 667 1457 geometriam
682 1374 790 1436 discere
807 1375 925 1436 maluis-

237 1456 309 1532 ὥτ’,
331 1454 419 1539 quim
442 1455 527 1518 illam
544 1457 637 1518 etiam.
651 1454 743 1538 ipsum
765 1456 928 1519 dedocere»

238 1536 292 1600 sol
315 1536 491 1599 Democrito
518 1558 640 1620 magnus
660 1537 797 1610 videtur,
816 1538 932 1678 quifpe

239 1617 354 1682 homini
372 1619 506 1693 erudito,
526 1621 557 1679 in
576 1619 795 1700 geometriaque
813 1637 850 1697 pe
878 1639 929 1678 ec·

238 1714 291 1765 to:
315 1699 380 1759 huic
401 1698 544 1781 bipedalis
561 1696 698 1772 fortaffe3
717 1714 830 1759 tantum
847 1700 930 1759 enim

240 1778 299 1846 effe
317 1778 440 1870 censet,
461 1796 584 1862 quantus
604 1778 721 1841 videtur
736 1821 752 1854 ,
766 1779 816 1842 vel
839 1779 928 1859 paul'o

240 1878 290 1923 aut
308 1882 355 1922 ma
369 1881 472 1936 orem,
491 1877 542 1923 aut
558 1880 715 1922 minorem.

283 1881 391 2003 unita
407 1963 477 2022 quau·
487 1956 600 2016 mutat,
615 1962 651 2002 ea
665 1941 841 2021 corrumpit:
860 1961 932 2022 quae

238 2021 367 2104 sequitur
385 2066 398 2095 ,
419 2020 485 2082 sunt
505 2038 570 2082 tota
591 2019 766 2083 Democriti.
793 2020 931 2095 Atomi·,

239 2104 349 2178 inane,
371 2103 535 2184 imagines,
556 2122 621 2183 quae
644 2101 724 2163 idola
748 2102 933 2175 nominant,

261 2204 371 2246 uorum.
386 2183 556 2244 incursione
567 2202 634 2243 nota
648 2180 741 2245 solirm
756 2183 929 2257 rideamus,

240 2205 292 2327 ied
308 2267 394 2324 etiam
411 2266 591 2344 cogitemus:
608 2260 730 2324 infinitio
745 2261 825 2401 iKsa,
840 2283 933 2343 quam

240 2342 359 2418 duorlar
378 2359 507 2415 vocant,
529 2360 596 2402 tota
607 2343 645 2401 ab
661 2343 745 2403 illo-e
780 2363 788 2401 t
810 2363 872 2402 tum
883 2349 929 2403 in·

241 2422 436 2484 numerabiles
458 2422 586 2498 mundi,
604 2424 653 2502 qui
675 2423 710 2484 δι
729 2425 875 2497 oriantur,
895 2425 931 2484 &

241 2505 386 2564 intereant
411 2502 566 2582 quotidie:
592 2523 656 2584 quae
679 2505 823 2564 etsimihi
846 2505 934 2565 nullo

242 2581 336 2645 modo
366 2585 525 2662 probantur
552 2603 567 2656 ·,·
594 2601 693 2644 tamen
723 2581 930 2644 Democritum

240 2663 390 2729 laudatum
414 2686 436 2723 a.
455 2663 587 2736 ceteris,
612 2664 762 2737 abhoc,
786 2665 836 2744 qui
858 2685 933 2725 eum-

241 2764 332 2809 unum
349 2741 460 2804 secutus
476 2742 536 2816 est,
555 2742 666 2802 nollem
681 2750 886 2824 vituperatum.
913 2797 915 2801 Α

283 2821 365 2884 vll.
390 2824 454 2886 Jam
469 2824 498 2884 in
515 2823 607 2885 altera
620 2824 810 2905 philosophiae
827 2841 933 2904 parte,

241 2924 310 2986 quau
338 2902 394 2966 est.
411 2905 559 2985 querendi
586 2926 623 2964 ac
650 2905 838 2978 differendi,
864 2926 931 2993 quae
