2125 4067
264 376 797 475 ‘164Durrrrrrur
925 390 928 397 ·

264 519 327 562 non
344 494 468 569 melior,
484 493 571 577 quim
592 495 649 555 illa
668 492 754 570 srmt,
770 516 846 577 quas
863 492 956 561 interi

264 580 336 639 dum
355 577 481 638 obtines.
500 575 604 657 Quare
621 572 702 636 iilam
716 596 839 659 quoque
855 600 952 664 aggre-

264 658 354 732 dere,
370 656 518 717 trasiatam
536 655 692 738 prasertim
709 656 748 729 &y
763 658 802 717 ab
818 659 902 733 aliis,
923 662 951 723 δι

255 746 282 801 'a
300 759 339 835 te·
348 736 410 820 ipso
425 736 500 819 sape
516 782 529 813 ,
546 756 578 798 ut
595 738 648 797 tihi
661 734 758 799 deesse
776 760 842 801 non
862 744 951 823 possit

264 840 372 883 oratio.

305 923 333 961 2.
347 899 427 961 Turn
438 920 516 981 ego,
531 896 602 961 Non
613 898 804 974 mehercule,
815 902 952 983 inquam,

261 981 343 1043 soleo
368 982 480 1043 temere
505 998 606 1042 contra
633 979 777 1040 Stoicos:
808 1003 873 1042 non
894 983 949 1063 quo

261 1064 317 1123 illis
338 1062 499 1123 admodum
516 1059 646 1121 assentiar
663 1081 672 1133 3
692 1060 741 1123 std
758 1062 877 1141 pudore
895 1064 950 1121 iut-

260 1145 385 1285 pedion:
407 1146 445 1203 ita
465 1143 556 1202 multa
575 1142 691 1213 dicunt,
710 1161 773 1222 quae
795 1145 846 1202 vix
865 1142 951 1203 intel·

261 1221 951 1377 iil}ilsllzl'llltlilllslisi

261 1384 418 1458 industria;
436 1384 486 1446 sed
501 1383 573 1444 inest
588 1387 616 1443 in
633 1384 718 1444 rebus
735 1385 804 1463 ipsis
824 1383 950 1446 obscuri·

261 1480 315 1526 tas.
331 1464 393 1528 Cur
410 1468 448 1606 ip

441 1485 495 1525 rtur
509 1464 625 1527 easdem
643 1484 689 1525 res
699 1507 711 1537 ,
721 1465 841 1545 inquam
854 1464 950 1541 ,Pen-

260 1548 394 1628 pateticis
437 1548 602 1619 icentibus,
620 1546 747 1606 verbum
763 1546 878 1607 nullum
893 1544 951 1620 est,

260 1627 342 1708 quod
356 1649 417 1689 non
435 1626 629 1708 intelligatur?
646 1623 808 1687 Easdemne
825 1648 892 1697 res,
905 1627 950 1697 in·

260 1708 346 1789 quit?
365 1730 402 1768 an
420 1728 521 1788 parum
535 1704 664 1779 differui,
684 1727 744 1765 non
758 1708 859 1769 verbis
872 1706 949 1769 stoi-

261 1808 345 1848 cosa
361 1786 578 1867 Peripateticis,
590 1783 639 1847 sed
651 1787 786 1846 universi
803 1809 838 1851 re
853 1788 885 1849 &
901 1802 949 1849 to·

179 1854 192 1875 ⁸
259 1867 293 1929 ti
314 1868 458 1929 sententis
477 1867 614 1927 dissidere
633 1866 644 1925 i
665 1866 787 1946 Atqui,
803 1871 948 1949 inquam,

261 1946 362 2022 Cato,
383 1951 406 2008 si
419 1946 492 2007 istud
509 1948 687 2019 obtinueris,
700 1945 834 2007 traducas
848 1968 895 2009 me
911 1946 948 2009 ad

260 2045 292 2089 te
307 2047 402 2090 totum
420 2028 527 2087 licebit.
552 2028 691 2087 Putabam
711 2027 851 2108 equidem
866 2028 948 2107 satis,

259 2111 372 2192 inquit,
391 2129 439 2170 me
459 2106 575 2169 dixisse:
596 2107 735 2187 quaread
749 2128 785 2168 ea
800 2112 948 2190 primitur,

260 2192 284 2249 si
307 2191 441 2253 videtur:
463 2191 505 2249 sin
529 2190 606 2250 aliud
626 2188 694 2270 quid
710 2188 815 2264 voles,
838 2187 946 2272 postea.

259 2268 357 2333 Immo
381 2270 453 2330 istud
475 2271 612 2352 quidem,
632 2271 768 2409 inpuam:
792 2293 855 2352 quo
877 2272 945 2333 loco

282 2353 330 2408 uid
351 2371 387 2408 ue
405 2349 520 2428 postulo
534 2396 543 2422 ‚
557 2350 659 2429 respon
684 2370 700 2411 e
713 2351 853 2413 arbitratu
868 2372 947 2413 meo.

294 2445 304 2486 t
323 2373 438 2508 piiacet,
453 2432 560 2509 inquit:
575 2435 627 2492 etsi
644 2433 721 2491 enim
735 2431 806 2492 illud
823 2451 885 2495 erat
896 2454 947 2514 ap·

259 2510 334 2591 tim,
351 2529 463 2588 aequum
479 2513 581 2592 cuique
600 2512 776 2573 concedere.

301 2588 346 2650 ll.
374 2588 511 2651 Existimo
536 2595 649 2673 igitur,
674 2595 816 2672 inquam,
840 2590 947 2667 Cato,

258 2687 375 2734 veteres
391 2671 457 2732 illos
469 2671 604 2731 Platonis¹
617 2673 783 2745 auditores,
804 2671 947 2755 Speusip·

259 2774 329 2834 pum
350 2797 359 2825 ,
380 2751 590 2826 Aristotelem,
616 2753 813 2814 Xenocratem
833 2774 842 2826 ;
866 2755 948 2815 dein·

261 2834 299 2893 de
316 2853 438 2906 eorum,
456 2831 669 2905 Polemonem,
687 2833 948 2912 Theophrastum,

259 2912 323 2978 satis
343 2915 509 3001 &copiosi
526 2916 560 2982 &
579 2915 727 3002 eleganter
736 2913 865 2981 habuisse
876 2936 947 2980 cou-
