2125 4067
253 512 333 578 'ooo
402 499 479 567 Da
516 512 761 568 rrnrnvs

249 626 254 657 ³
295 615 344 675 60.
366 613 397 674 Si
417 612 455 673 de
476 632 507 673 re
527 611 678 693 disceptari
697 626 843 693 oportet;
862 614 940 677 nulia

248 696 325 757 -rnihi
344 711 459 767 tecum,
473 690 573 767 Cato,
596 688 692 773 potest
707 691 764 754 effe·
784 692 939 757 dissensio:

251 774 324 837 nihil
342 772 383 836 tsi
397 776 496 846 enim,
516 774 625 854 dequo
639 772 720 833 aliter
732 771 837 834 sentias
853 791 940 857 atque

247 874 334 936 ego:
357 854 450 915 modo
471 854 654 914 commutatis
675 852 772 914 verbis
794 852 871 935 ipsas
896 874 940 916 rer

252 933 450 995 conferamus.
476 934 541 995 Nec
560 934 618 994 hoc
635 931 684 993 ilie
701 954 763 994 non
775 934 874 1009 vidit,
892 933 941 996 sed

253 1016 414 1077 verborum
433 1012 645 1097 magnificentii
662 1011 703 1074 est
724 1013 757 1074 δι
776 1014 874 1096 glorii
890 1015 941 1076 de·

255 1094 397 1157 laetatus:
419 1097 582 1175 quisita,
602 1114 665 1174 quae
685 1093 775 1167 dicit,
795 1097 837 1155 ita
854 1093 941 1155 senti·

254 1195 323 1250 ret,
338 1193 368 1236 ut
379 1175 469 1237 verba
480 1172 637 1257 significant
649 1194 659 1246 ;
672 1173 749 1254 ·quid
762 1174 841 1236 inter
856 1194 939 1250 eum,

256 1257 292 1318 ὃ(
314 1257 362 1317 vei
383 1255 565 1336 Pyrrhonem
577 1298 587 1328 ‚
599 1251 832 1315 veiAristonenr
849 1254 940 1316 inter·

256 1335 348 1398 effeti
365 1336 409 1394 sin
428 1351 525 1394 autern
543 1353 595 1394 eos
609 1353 669 1394 non
689 1333 858 1413 probabat,
874 1334 940 1416 quid

254 1417 371 1475 attinuit
394 1424 459 1472 turn
482 1416 535 1486 iis,
557 1412 722 1493 quibuscum
742 1432 775 1475 re
799 1417 941 1477 concine·

255 1494 324 1567 bat,
337 1492 435 1554 verbis
453 1492 635 1574 discrepare?

252 1606 257 1611 -
298 1572 416 1634 XXII.
445 1572 529 1652 Quid
555 1576 577 1633 si
603 1573 776 1635 reviviscant
791 1573 941 1637 :Platonici

256 1650 319 1729 illi,
335 1655 367 1715 &
386 1655 524 1735 deinceps
536 1655 585 1735 qui
602 1673 703 1714 eorum
715 1655 864 1718 auditores
879 1655 938 1717 fue·

257 1753 345 1809 runt,
362 1735 503 1795 &tecum
520 1737 560 1795 ita
577 1734 754 1815 loquantur?
774 1735 843 1798 Nos

256 1830 313 1888 te,
343 1815 388 1874 M.
415 1812 520 1887 Cato,
549 1813 788 1876 studiosissimum
814 1817 865 1900 phi
876 1817 941 1878 oso·

257 1896 354 1976 phire,
372 1893 554 1976 justissimum
572 1898 684 1968 virum,
703 1899 850 1976 optimum
867 1895 941 1976 judie

254 1980 325 2036 'cern
346 2022 355 2051 ‚
382 1977 627 2058 religiosissimum
639 1975 742 2036 testem
758 1977 938 2051 audiremus,

258 2057 393 2116 admirati
418 2057 542 2130 sumus,
568 2057 638 2138 quid
662 2054 759 2132 esset,
785 2078 839 2121 tur
860 2059 938 2133 nobis

258 2136 374 2199 Stoicos
395 2136 553 2197 anteferres
567 2180 577 2209 ‚
590 2138 639 2216 qui
652 2136 690 2196 de
703 2136 789 2198 rebus
805 2138 890 2198 bonis
909 2139 940 2198 &

258 2221 343 2279 malis
355 2219 489 2280 sentirent
503 2237 629 2298 ea‚quae
647 2216 682 2276 ab
700 2217 756 2276 hoc
780 2215 943 2281 Polemone

258 2299 343 2362 Zeno
368 2316 549 2382 cognoverat
569 2319 579 2371 ;
603 2298 768 2358 nominibus
794 2314 943 2361 uterentur

259 2380 314 2451 iis,
336 2401 400 2458 quae
420 2380 512 2460 primi
531 2378 626 2460 specie
645 2378 887 2454 admirationem,
908 2398 940 2440 re

260 2458 402 2535 explicati
420 2503 430 2531 ‚
451 2459 535 2517 risum
559 2476 723 2520 moverent.
746 2457 796 2521 Tu
823 2476 940 2537 autem,

260 2537 285 2595 si
306 2537 357 2594 ribi
374 2537 421 2593 ilia
440 2537 654 2616 probabantur,
673 2562 724 2600 tur
742 2560 803 2601 non
821 2542 942 2622 propriis

258 2616 358 2677 verbis
374 2615 422 2674 illa
432 2617 572 2676 tenebas?
590 2622 677 2680 sinte
697 2620 851 2682 audioritas
861 2641 942 2683 conr·

259 2697 423 2767 movebat3
444 2697 564 2758 nobisne
587 2701 748 2775 omnibus,
771 2702 804 2761 ἃ
828 2700 943 2762 Platoni

258 2779 344 2860 ipsi,
372 2775 468 2838 nescio
496 2799 584 2860 quem
607 2780 687 2840 illum
712 2781 941 2861 anteponebasi

262 2860 416 2940 praesertim
433 2880 522 2941 quum
538 2862 567 2920 in
584 2861 728 2941 republica
739 2863 838 2943 printe
862 2860 944 2923 sesso

261 2939 433 3025 telleneu
450 2959 573 3025 eamque
593 2943 730 3006 tuendam
749 2962 818 3005 curn
834 2884 946 3006 dimna
