2125 4067
250 411 299 486 28
406 414 496 483 Dr·
526 430 773 485 rruxaus

245 530 280 590 sd
299 527 455 610 probamus
473 549 483 601 3
502 528 535 589 δι
555 530 753 611 gubernatoris
770 547 842 597 ars,
863 527 930 608 quia

246 611 324 672 bene
342 610 497 691 navigandi
511 614 652 675 rationem
667 611 774 680 habet,
790 607 936 682 utilitate,

248 710 310 751 noo
327 707 388 749 arte
403 690 549 751 laudatur:
566 693 609 752 sic
626 689 782 771 sapientia,
803 708 867 768 quae
885 710 932 748 ars

246 771 367 834 vivendi
384 770 513 850 putanda
528 769 588 844 est,
605 793 666 832 noo
683 785 887 850 expeteretur,
907 771 932 828 si

248 850 320 910 nihil
340 847 490 925 efficeret3
509 872 585 913 nunc
604 854 771 933 expetitur,
790 847 872 930 qudd
890 847 933 909 est

247 946 396 1012 tamquam
414 930 515 994 artifex
534 933 739 1014 conquirendae
758 931 792 991 &
809 950 933 1011 compa·

248 1011 346 1075 rande
364 1010 531 1093 voluptatis.

288 1110 339 1172 43.
368 1092 470 1171 Quam
497 1108 595 1151 autem
623 1091 719 1152 dicam
744 1089 938 1229 voluptatem·

246 1169 308 1253 jam
324 1172 448 1246 videtis,
466 1191 504 1232 nc
519 1170 629 1232 invidid
644 1170 728 1233 verbi
744 1171 810 1231 labe
823 1170 938 1233 astetur.

249 1255 345 1314 oratio
369 1271 444 1312 mea.
469 1250 548 1325 Nam
570 1271 660 1391 ‹prum
679 1255 862 1334 ignoratione
882 1269 939 1317 re·,

247 1353 313 1393 rum
329 1333 471 1392 bonarum
488 1332 520 1391 &
536 1352 584 1393 ma
596 1353 676 1392 arum
694 1333 818 1394 maxime
834 1331 934 1392 homi·

248 1433 320 1473 num
344 1414 404 1472 vita
421 1428 571 1486 vexetur,
594 1414 634 1474 ob
654 1433 779 1494 eumque
802 1410 938 1472 errorem'

250 1493 284 1556 &
305 1493 502 1572 voluptatibus
518 1495 649 1554 maximis
666 1492 739 1574 saepe
761 1494 933 1573 priventur,

250 1573 285 1632 &
301 1572 455 1632 durissimis
464 1575 551 1633 animi
564 1573 715 1634 doloribus
727 1590 933 1654 torqueantur;

248 1650 387 1734 sapientia
406 1652 447 1714 est
464 1653 656 1726 adhibenda,
680 1675 744 1735 quae
764 1654 796 1715 &
814 1655 935 1715 terrori·

249 1733 305 1797 bus
334 1732 588 1814 cupiditatibusque
617 1734 774 1806 detrasiis,
803 1733 935 1801 &om-

249 1817 331 1889 nium
349 1812 478 1874 salsarum
499 1816 672 1895 opinionum
693 1814 857 1875 temeritate
876 1812 936 1874 de·

250 1895 355 1976 teptl,
372 1897 560 1970 certissimam
579 1893 608 1955 se
628 1895 713 1956 nobis
734 1895 840 1954 ducem
857 1914 935 1974 prae·

251 1975 322 2051 beat
343 1975 380 2035 ad
395 1976 585 2055 ¹voluptatem
603 1997 611 2033 z
630 1974 767 2056 sapientia
787 1975 865 2034 enim
891 1972 935 2036 est

251 2076 309 2117 una
327 2076 344 2133 ,·
360 2075 426 2136 quae
451 2053 612 2115 moestitiam
632 2056 722 2137 pellat
746 2075 783 2116 ex
807 2056 934 2128 animis,

251 2158 317 2219 quae
343 2155 398 2195 nos
421 2134 624 2209 exhorrescere
649 2153 730 2196 metu
750 2155 811 2194 non
834 2136 908 2194 sinat
921 2155 934 2210 ;

250 2217 309 2297 quai
324 2216 512 2296 praeceptrice
530 2218 559 2291 in
577 2217 780 2298 tranquillitate
795 2217 857 2277 vivi
877 2236 937 2295 po·⁸

251 2295 329 2372 reli,
345 2298 475 2371 omnium
493 2297 681 2376 cupiditatum
697 2295 801 2357 ardore
816 2292 935 2363 restinc-

252 2364 287 2454 so
310 2395 318 2433 t
343 2374 515 2465 cupiditapes
541 2376 620 2443 enirn
645 2375 708 2436 sunt
734 2375 902 2437 insatiabiles
922 2395 935 2450 ;

252 2476 320 2537 quae
344 2476 405 2533 uon
427 2455 521 2532 modi>
544 2455 669 2537 singulos
694 2457 828 2517 homines
846 2500 869 2529 ,7
883 2455 938 2517 sed·

251 2534 397 2616 universas
414 2534 533 2613 familias
556 2553 689 2596 evertunt
706 2557 716 2609 ;
734 2554 829 2597 totam
844 2537 934 2598 etiam

252 2614 426 2696 labefadlam
443 2616 518 2696 saepe
533 2617 750 2695 rempublicam.
877 2654 881 2683 :

259 2713 353 2777 44.
373 2695 417 2755 Ex
439 2695 644 2776 cupiditatibus·
667 2698 764 2770 odia,
788 2695 934 2771 dissidia,

254 2774 428 2857 discordiae,
449 2775 635 2855 seditiones,
657 2777 734 2839 bella
756 2774 933 2838 nascuntur:

253 2859 372 2921 uechae·
384 2855 441 2918 sese
460 2855 529 2918 foris
544 2856 636 2918 solium
652 2855 776 2936 jadant,
800 2877 854 2916 nec
868 2874 936 2916 tan-

253 2929 317 3008 'tum
328 2941 359 3005 iu
376 2938 836 3030 alioscaecoimpetuincurrunt
852 2981 863 3016 ,
880 2936 935 3011 ,sed
