2125 4067
262 483 428 552 Lrnnn’
454 497 689 554 rennos.
743 498 810 554 121

131 594 234 678 igitur,
255 616 287 658 ut
302 596 397 665 [οἶες.
415 595 585 678 diligenter,
599 614 723 677 eamque
742 617 817 655 con·

132 681 305 745 troversiam
322 675 508 755 dijudicabis‚
523 696 588 757 quae
602 677 671 736 mihi
684 676 815 736 fnitcunr

132 759 279 828 ‚evoneulo
297 774 370 827 tuo,
386 759 487 816 divino
501 777 536 817 ac
552 758 683 838 singulari
698 760 773 816 viro.

135 883 142 891 .
176 856 208 910 7.
232 836 312 896 Nam
327 879 337 908 ‚
355 839 385 895 in
407 834 572 896 Tusculano
591 857 678 917 quum
698 835 817 909 ess'em,

136 917 307 996 vellemque
321 934 338 975 e
354 915 528 974 bibliotheca
537 920 618 994 pueri
630 916 737 976 Luculli
755 921 819 1000 qni·

137 994 258 1055 busdam
279 995 356 1056 libris
374 997 435 1067 uti,
449 997 517 1055 veni
530 998 561 1053 in
578 993 639 1073 ejus
653 997 768 1070 villam,
786 1013 818 1059 ut

137 1096 190 1143 eos
208 1075 269 1158 ipse
290 1073 349 1156 (nt
365 1073 521 1154 solebam)
542 1074 609 1134 inde
629 1096 819 1154 promerem:

135 1159 197 1237 qub
233 1178 301 1217 uum
319 1153 476 1228 reniffem‚
489 1155 534 1216 M.
548 1151 717 1229 Catonem,
735 1175 823 1236 quem

135 1239 175 1297 ibi
191 1179 248 1300 eiie
266 1235 440 1311 nescieram,
458 1236 518 1296 vidi
533 1237 563 1295 in
580 1235 759 1296 bibliotheca
776 1235 824 1298 se·

137 1318 258 1385 dentem
275 1363 286 1391 ‚
301 1317 409 1378 multis
432 1314 635 1376 circumfusum
655 1315 823 1378 Stoicorum

137 1399 233 1459 libris:
247 1413 307 1460 erat
321 1399 399 1459 enim
411 1442 421 1471 ‚
435 1413 467 1457 ut
478 1396 550 1470 scis,
564 1398 593 1455 in
604 1417 642 1456 eo
656 1396 822 1459 inexhausta

139 1479 261 1538 aviditas
273 1478 410 1560 legendi,
420 1498 475 1538 nec
486 1477 577 1538 satiari
589 1495 704 1558 poterat
711 1498 721 1552 ;
736 1479 823 1559 quip-

141 1578 181 1638 pe
204 1561 307 1638 quine
328 1558 581 1639 reprehensionem
601 1559 718 1639 quidem
740 1561 841 1641 vulgi,

139 1641 257 1700 inanem
274 1637 463 1705 reformidans
476 1643 488 1712 ,’
502 1641 531 1698 in
542 1636 605 1720 ipsa'
618 1634 697 1700 cirria
715 1639 823 1701 soleret

137 1719 239 1802 legere
252 1717 344 1800 saepe,
359 1719 427 1779 dnm
434 1717 548 1780 senatus
563 1737 736 1801 cogeretur5
751 1720 823 1783 nihil

139 1821 238 1881 operae
258 1801 422 1881 reipublice
441 1799 619 1872 detrahens3
644 1803 823 1883 qub'magis

138 1897 201 1942 tum
219 1885 249 1941 in
267 1879 380 1943 summo
398 1883 484 1956 otio,
504 1883 687 1961 maximaque
711 1884 823 1960 copia,

139 1963 219 2042 qnasi
229 1961 349 2023 helluari
366 1961 464 2033 libris,
482 1963 507 2020 si
526 1962 586 2021 boc
603 1961 698 2022 verbo
715 1962 745 2019 in
762 1977 824 2021 tam

138 2043 215 2102 clara
229 2041 412 2103 tensendum
425 2039 485 2113 est,
497 2041 659 2100 videbatur.

182 2121 212 2180 8.
239 2121 333 2200 Quod
350 2142 441 2201 quum
451 2118 612 2194 accidiss’et,
623 2138 654 2180 ut
666 2121 738 2180 aiter
749 2120 826 2180 alte-

140 2221 208 2261 rum
225 2203 418 2280 nee-opinatb
434 2201 620 2273 videremus,
631 2202 750 2260 surrexit
766 2198 826 2259 sta-

142 2284 215 2342 tim:
237 2278 343 2340 deinde
354 2283 446 2360 prima
458 2281 527 2349 iila,
547 2301 611 2359 quae
625 2283 655 2338 in
676 2279 825 2362 congressu

139 2362 289 2423 solemus:
314 2358 397 2440 Quid
416 2376 468 2430 tu,
489 2361 596 2440 inquit,
618 2359 696 2420 huc?
717 2382 733 2420 a
755 2361 825 2423 vilia

142 2446 240 2515 enirn,
256 2440 362 2503 credo:
379 2440 432 2510 ἃ,
449 2441 472 2500 si
485 2439 524 2500 ibi
535 2458 564 2502 te
577 2438 632 2503 effe
648 2439 754 2503 sciffem
765 2487 774 2516 ,
786 2442 824 2503 ad

142 2541 174 2584 te
196 2522 254 2603 ipse
282 2520 432 2585 veniffem.
464 2522 560 2594 Heri,
581 2523 725 2606 inquam,
749 2524 824 2583 ludis
899 2597 902 2603 Ι

141 2604 323 2675 commissis,
339 2624 375 2664 ex
386 2602 457 2663 urbe
471 2603 617 2683 profeflus
626 2607 696 2667 veni
706 2604 742 2662 ad
758 2623 826 2664 vera

140 2704 264 2766 perum:
280 2683 362 2745 eausa
376 2702 473 2744 aorem
485 2682 539 2744 fuir
552 2685 609 2744 huc
620 2684 759 2746 veniendi
771 2726 781 2755 ,
793 2699 825 2742 ut

144 2762 284 2842 quosdam
305 2762 372 2822 hinc
391 2763 480 2822 libros
499 2784 677 2844 promerem.
704 2761 741 2820 Er
760 2763 828 2898 ‹ppi-

145 2844 237 2910 dem,
258 2839 356 2913 Cato,
373 2857 466 2900 totam
476 2842 552 2901 hanc
565 2849 680 2923 copiam
694 2839 753 2919 jam
791 2861 826 2901 u·

145 2921 225 2982 colio
246 2917 344 2978 nostro
364 2935 466 2978 notam
484 2919 540 2980 effe
563 2923 738 2999 oportebit:
758 2940 827 2981 nam
858 2951 861 2956 ·

145 3004 189 3063 his
204 3000 280 3062 libris
298 3019 365 3060 eum
380 2998 478 3075 malo,
493 2999 581 3082 quim
591 3001 703 3084 reiiquo
724 3018 827 3076 ornatu

191 3085 291 3148 Tomus
310 3086 342 3145 V
342 3079 382 3143 l!
386 3081 407 3143 Ι
702 3081 727 3145 F
