2125 4067
252 1004 554 1096 -DE
644 1000 868 1093 ΓΙ
917 1002 1031 1093 Ν
1087 1004 1290 1094 IB
1341 1006 1550 1097 US

415 1188 765 1253 LIBER
846 1184 1440 1270 QUARTUS.

228 1349 324 1422 -H
333 1367 381 1418 o
403 1367 444 1418 c
496 1350 645 1425 libro
668 1351 1031 1420 continetur
1049 1348 1376 1418 Ciceronis
1396 1348 1616 1442 dispu-

343 1444 507 1514 tatio
550 1469 761 1515 contra
810 1446 1240 1517 Catonianam
1273 1497 1301 1531 ,
1349 1446 1430 1514 id
1477 1448 1566 1545 {st
1579 1495 1610 1529 ‚

343 1543 759 1632 Peripateticae
819 1544 1082 1613 rationis
1137 1544 1420 1637 defensio
1465 1590 1492 1633 ,
1544 1546 1614 1615 6⁸

340 1641 574 1710 Stoicae
611 1639 1023 1735 impugnatio.

239 1892 291 1955 1.
331 1822 463 1985 Q
482 1914 529 1958 υ
544 1912 607 1957 AE
650 1916 826 1980 quum
850 1895 1113 1970 dixissfet,
1131 1895 1314 1969 finem
1333 1894 1463 1957 ille:
1487 1915 1609 1980 ego

240 1993 436 2036 autem
458 2020 479 2050 ‚
522 1974 629 2036 Nae
666 1994 730 2037 tu
749 2022 772 2052 ,
802 1979 1043 2059 inquam
1064 2021 1087 2050 ,
1121 1975 1281 2038 Cato
1300 2021 1326 2048 ,
1359 1975 1463 2036 ista
1500 1994 1611 2037 ex-

239 2054 475 2138 posuisti
502 2071 621 2116 tam
645 2059 825 2117 multa
847 2059 1190 2118 memoriter
1205 2101 1230 2128 ‚
1259 2073 1383 2116 tam
1403 2055 1642 2118 obsco--

241 2158 311 2195 ra
357 2136 633 2196 dilucidet
674 2139 869 2218 itaque
901 2153 998 2199 aut
1034 2138 1367 2197 omittamus
1406 2138 1611 2199 contra

248 2218 498 2275 omnino
529 2217 681 2276 veile
726 2218 975 2296 ahquid,
1016 2234 1116 2277 aut
1145 2216 1387 2296 spatium
1422 2217 1616 2277 suma-

245 2316 382 2356 mus
414 2295 490 2355 ad
518 2295 925 2376 cogitandum:
952 2312 1073 2355 tam
1101 2298 1255 2365 enim
1281 2298 1577 2378 diligenter
1594 2343 1615 2374 ,

248 2378 318 2438 &
341 2421 362 2450 ‚
397 2378 445 2436 si
480 2377 665 2436 miniis
702 2377 843 2436 vere
938 2395 1074 2436 nam
1105 2376 1364 2437 nondum
1390 2378 1449 2437 id
1482 2382 1614 2461 qui-

251 2458 388 2517 dem
436 2457 624 2517 audeo
674 2458 868 2519 dicere
958 2457 1058 2522 sed
1105 2472 1298 2519 tamen
1350 2462 1607 2524 accurate

249 2558 370 2598 non
412 2539 593 2599 modo
640 2537 972 2615 fundatam,
1018 2541 1223 2602 verbm
1271 2543 1440 2601 etiam
1493 2562 1606 2603 ex-

182 2662 197 2673 ,
249 2617 510 2679 ἢτυέὶειπι
547 2619 892 2701 disciplinam
918 2644 1037 2682 non
1076 2619 1156 2682 est
1185 2620 1348 2683 facile
1372 2624 1607 2703 perdis-

249 2719 404 2760 cere.
450 2698 607 2759 Tum
645 2702 738 2760 ille
775 2745 794 2774 ‚
850 2703 983 2779 Aip'
1025 2701 1265 2768 tandem
1289 2746 1310 2773 ‚
1359 2705 1543 2781 inquit
1580 2704 1607 2763 ἓ

248 2799 435 2858 quum
468 2798 580 2858 ego
613 2796 673 2838 te
701 2781 809 2838 hac
855 2781 1013 2841 nova
1047 2782 1181 2860 lege
1222 2782 1458 2842 videam
1499 2801 1613 2841 eo·-

252 2861 399 2917 dem
437 2857 532 2917 die
565 2859 872 2917 accusatori
902 2860 1251 2940 respondere
1276 2904 1293 2931 ‚
1334 2861 1400 2919 &
1433 2861 1616 2922 tribus

249 2939 417 3002 horis
457 2957 731 3019 perorare
763 2983 782 3009 .,
817 2940 875 2996 in
912 2939 1020 2997 hac
1055 2958 1152 2996 me
1193 2938 1353 2996 causa
1387 2955 1614 3018 tempu-3

249 3020 562 3084 dilaturum
603 3017 812 3104 putas?
849 3039 975 3105 quae
1012 3036 1207 3080 tamen
1243 3040 1276 3081 a
1314 3035 1373 3081 te
1414 3040 1614 3105 agetur
