2125 4067
255 479 412 548 Lraat
451 485 692 563 Quantas.
745 473 819 551 181

136 592 213 666 sint,
229 586 289 656 ¹nos
305 610 424 675 quoque
441 592 648 666 concedimus3
668 592 749 675 quod
772 592 824 653 di⁴

134 677 174 734 eit
199 673 337 756 Epicurus
354 674 391 734 de
415 675 589 755 voluptate,
605 694 669 755 quae
692 675 821 733 minima

103 811 108 818 .
132 748 192 814 sint
217 756 416 834 voluptates,
443 775 492 815 eas
517 754 660 814 obscurari
682 751 756 834 sape
784 753 820 814 de

133 834 248 897 obrui:
272 833 323 892 sed
341 854 403 894 non
420 831 526 894 suntin
548 853 586 894 eo
605 853 711 915 genere
730 851 819 894 tantae

99 924 101 929 '
135 912 366 973 commoditates
383 915 512 992 corporis
529 956 541 985 ,
558 931 674 993 tamque
711 915 821 975 toduc-

135 1008 177 1052 tae
200 992 402 1072 temporibus,
424 1008 540 1072 tamque
559 994 666 1052 multas.
689 934 819 1076 dtaque,¹

98 1138 99 1142 ,
134 1073 166 1132 in
188 1071 320 1154 quibus,
343 1089 466 1152 propter
484 1092 584 1132 earum
609 1073 821 1154 exiguitatem,

133 1151 301 1213 obscuratio
324 1151 412 1213 conse
434 1155 527 1224 uitur,
548 1149 624 1231 saepe
642 1151 769 1225 accidit,
790 1150 823 1213 ut'

132 1233 205 1293 nihil
225 1230 357 1294 intereffe
376 1173 472 1292 nodra
489 1231 634 1293 fateamur
649 1277 659 1305 ,
673 1233 733 1290 sint
750 1231 828 1305 itia,

133 1333 231 1374 necne
246 1315 320 1386 sint;
340 1329 371 1373 ut
383 1316 412 1373 in
430 1312 511 1387 sole,
527 1312 609 1394 quod
626 1328 690 1370 ate
707 1311 826 1372 diceba·

134 1394 352 1467 tur,lucernam
370 1393 510 1454 adhibere
531 1393 602 1453 nihil
614 1391 754 1463 interest,
773 1408 824 1454 aut

135 1477 299 1535 teruncium
318 1471 443 1553 adjicere
455 1471 551 1535 Croesi
566 1474 708 1554 pecuniae.

181 1571 229 1631 30·
251 1552 367 1632 Quibus
383 1571 481 1615 autem
498 1555 527 1612 in
548 1554 634 1616 rebus
657 1550 822 1613 obscuratio

135 1648 218 1693 tanta
237 1655 298 1694 non
318 1637 380 1706 sit,
399 1632 461 1695 fieri
478 1653 576 1694 tamen
598 1631 718 1716 potest,
739 1648 772 1692 ut
788 1631 822 1692 id

133 1713 246 1793 ipsum,
265 1715 345 1796 quod
362 1713 503 1788 interest,
520 1734 580 1776 non
598 1718 634 1775 sit
651 1735 697 1774 rna
720 1733 790 1773 num
809 1731 820 1770 r

134 1811 167 1854 ut
186 1798 237 1870 ei,
257 1798 306 1877 qui
323 1794 449 1876 jucunde
465 1797 569 1857 vixerit
581 1817 675 1856 annos
693 1735 820 1867 decem,

135 1876 159 1934 si
178 1877 258 1958 aeque
282 1878 343 1936 vita
360 1875 485 1956 jucunda
505 1875 650 1937 menstrua
674 1875 821 1946 addatur,

135 1957 205 2094 guia
219 1975 401 2017 momentum
415 1957 536 2038 aliquod
547 1957 654 2016 habeat
666 1956 703 2014 ad
719 1954 823 2032 jucun-

158 2057 207 2099 um
225 2039 373 2110 accessio,
391 2037 505 2096 bonum
525 2036 562 2094 sit
578 2056 587 2107 ;
605 2037 649 2093 sin
669 2052 767 2093 autern
790 2032 822 2092 id

134 2136 198 2175 non
215 2116 411 2188 concedatur,
428 2138 490 2177 non
505 2117 644 2174 continui>
659 2117 720 2173 vita
736 2114 823 2172 beata

87 2202 88 2207 ’
135 2195 257 2254 tollitur.
280 2195 364 2254 Bona
379 2212 478 2255 autem
497 2197 626 2274 corporis
642 2194 709 2253 huic
728 2192 822 2265 sunt,

137 2274 221 2354 quod
240 2273 381 2354 posterius
401 2274 509 2353 posui,
527 2275 688 2333 similiora:
712 2272 822 2331 habent

104 2391 111 2396 -
136 2356 216 2415 enim
232 2355 429 2414 accessionem
442 2353 580 2436 dignam,
596 2356 695 2434 inqua
716 2352 822 2414 elabo-

134 2452 233 2508 retur;
248 2452 281 2494 ut
295 2435 365 2494 mihi
379 2437 408 2494 in
421 2434 478 2495 hoc
495 2432 584 2495 Stoici
599 2432 821 2514 jocarividean·

134 2531 182 2597 tur
200 2515 368 2587 interdum,
386 2537 473 2597 quum
490 2516 529 2574 ita
547 2514 642 2576 dicant
658 2560 668 2589 ,
687 2518 710 2575 si
727 2516 764 2575 ad
782 2515 821 2575 il..

91 2665 97 2670 .
133 2596 194 2656 lam
203 2595 313 2670 vitam,
326 2618 390 2678 quae
403 2618 469 2656 curn
483 2596 591 2657 virtute
599 2597 741 2678 degatur,
755 2617 819 2656 am·

133 2675 214 2757 puiia
233 2694 281 2736 aut
301 2676 413 2759 strigilis
428 2676 569 2751 accedat,
585 2675 763 2756 sumpturum
777 2673 820 2735 sa·

134 2758 267 2845 pientem
285 2775 350 2817 eam
364 2759 454 2814 vitam
474 2758 590 2835 potiits,
607 2757 665 2836 qui)
686 2755 748 2813 haec
765 2753 822 2811 ad-

135 2833 214 2915 Jedia
230 2837 309 2905 sint,
325 2854 380 2894 nec
395 2835 558 2894 beatiorem
577 2850 677 2895 tamen
695 2833 736 2893 ob
755 2851 828 2894 eam.

136 2911 252 2977 causant
272 2911 347 2973 fores
814 2941 821 2969 ι

153 3011 229 3077 aar.
254 2991 325 3059 Hoc
350 2990 444 3054 simile
469 2990 589 3053 tandem
614 2989 655 3053 est
681 3011 742 3054 non
764 2991 819 3075 rista
