2125 4067
223 526 334 606 ¹100
423 527 498 599 De
536 511 828 598 sturnus*

253 648 294 704 tia
314 661 463 725 competat
483 641 520 702 ad
543 642 749 724 voluptatem:
769 659 867 704 totum
889 634 941 705 atr-¹

255 742 317 785 tem
330 724 359 783 id
379 740 528 785 externum
540 742 549 795 3
565 723 596 782 ὃ(
606 767 615 796 ,
627 724 708 804 quod
722 742 898 799 externum,
911 725 940 785 id

256 807 286 863 in
304 803 367 864 casu
385 802 435 864 est.
457 803 499 864 Ita
511 802 542 862 fit
553 804 645 863 beatae
662 806 727 863 vitae
745 805 865 865 domina
878 804 941 864 for·

254 902 346 957 tuna;
362 905 449 965 quarn
462 883 602 966 Epicurus
616 885 654 944 ait
670 888 797 968 exiguam
820 889 940 948 inteme-

255 988 312 1071 Ψ
330 986 451 1107 iiiiii?
461 1044 544 1129 Age,
557 1047 686 1127 inquies,
696 1043 745 1105 ista
757 1065 848 1127 patra
862 1044 937 1106 sunt:

248 1127 400 1223 fitpientem
421 1128 569 1208 locupletat
581 1125 641 1207 ipfit
659 1145 783 1200 natura,
802 1123 885 1205 cujus
900 1126 941 1187 di·

255 1211 339 1268 inias
360 1207 499 1289 Epicurus
518 1205 577 1287 ipse
591 1206 732 1287 parabiles
754 1205 940 1268 effe'docuit.

202 1325 207 1332 ·
255 1288 328 1349 Haec
346 1289 423 1349 bene
445 1287 600 1360 dicuntut3
623 1307 677 1347 nec
700 1306 758 1370 ego
778 1307 940 1370 repugno;

256 1369 306 1429 sed
329 1371 403 1429 inter
423 1366 481 1428 sese
503 1365 562 1448 ipsa
585 1385 731 1507 pupnant:
757 1384 847 1449 negat
864 1371 941 1429 enim

254 1451 425 1509 tenuissimo
439 1447 537 1522 viiiu,
556 1447 586 1507 id
605 1467 621 1508 e
655 1493 665 1521 ‚
685 1450 942 1529 contemptissimis

257 1528 374 1589 escis&
392 1528 580 1612 potionibus,
600 1531 743 1589 minorem
756 1530 943 1611 voluptatem

256 1611 399 1691 percipi,
428 1608 514 1690 quim
543 1609 628 1668 rebus
654 1610 881 1690 exquisitissimis
907 1609 942 1669 ad

257 1690 443 1771 epulandum.
470 1688 547 1749 Huic
563 1709 648 1771 ego,
673 1692 695 1748 si
712 1706 833 1772 negaret
855 1692 943 1772 quid-

257 1790 346 1852 quem
368 1768 499 1832 interesse
517 1769 554 1829 ad
566 1771 653 1830 beate
666 1770 849 1846 vivendum,
867 1770 943 1853 quali

257 1869 387 1912 uteretur
408 1850 515 1924 vitiu,
541 1851 736 1912 concederem
759 1871 768 1923 ;
795 1849 943 1912 laudarem

258 1935 370 2006 etiam3
389 1952 490 1993 verum
507 1933 584 1991 enim
602 1931 712 1992 diceret
722 1952 731 2005 ;
743 1931 831 2012 idque
843 1930 944 1992 Socra·

258 2030 343 2086 tem,
362 2015 409 2094 qui
424 2012 604 2092 voluptatem
617 2012 697 2071 nullo
714 2012 781 2072 loco
801 2020 944 2087 numerat,

258 2094 347 2154 audio
371 2095 535 2164 dicentem,
552 2094 606 2152 cibi
622 2095 820 2153 condimentum
835 2090 885 2171 effe
896 2091 945 2173 fa·

258 2195 345 2247 mem,
358 2175 481 2255 potionis
496 2173 592 2232 sitim:
607 2170 655 2232 sed
670 2176 737 2254 qui,
753 2174 790 2233 ad
806 2173 945 2269 volupta-

259 2266 322 2316 tem
343 2255 440 2313 omnia
462 2251 610 2325 referens,
634 2255 706 2314 vivit
720 2271 751 2312 ut
769 2251 945 2329 Gallomus,

259 2337 387 2430 loquitur
401 2352 432 2394 ut
449 2331 522 2415 frugi
535 2335 584 2394 ille
599 2331 683 2406 Piso,
696 2355 755 2393 non
770 2333 875 2395 audio:
891 2354 945 2396 nec

261 2431 339 2473 emm
350 2433 434 2483 eum,
445 2413 526 2492 quod
537 2413 657 2487 sentiat,
675 2414 771 2474 dicere
782 2413 937 2477 existimo.'

248 2493 271 2511 '¹
304 2512 352 2569 91.
380 2491 532 2551 Naturales
562 2492 674 2553 divitias
704 2495 774 2555 dixit
802 2496 945 2576 parabiles

262 2571 319 2635 esse
339 2617 348 2647 ‚
368 2571 446 2654 quod
463 2592 555 2652 parvo
575 2570 644 2633 effer
663 2590 763 2635 nutura
785 2592 944 2638 contenta:

261 2655 367 2727 certe,
392 2656 445 2713 nisi
465 2653 647 2733 voluptatem
665 2657 737 2715 tenti
759 2655 947 2718 aestima'tetis.

260 2738 330 2798 Non
348 2737 453 2807 minor,
470 2736 582 2814 inquit,
594 2738 723 2817 uoluptas
740 2739 947 2818 percipientes

260 2818 407 2877 vilissimis
434 2815 540 2886 rebus,
566 2817 646 2896 qua'm
670 2838 705 2875 ex
728 2820 946 2898 pretiosissimis.

262 2897 330 2977 ¹H'oc
351 2895 391 2957 est
411 2917 470 2955 non
489 2895 580 2957 modo
599 2919 652 2958 cor
663 2919 724 2958 non
741 2898 849 2960 habere
864 2944 874 2974 ,
887 2898 948 2961 ·sed

262 3000 299 3037 ne
317 2979 444 3058 pai'atum
461 2979 594 3058 quidem:
610 2980 657 3060 qui
672 2981 750 3039 enim
764 2979 948 3062 voluptatem

231 3126 236 3135 Ι
260 3057 351 3137 ipsam
363 3074 571 3134 contemnunt,
588 3061 621 3119 iis
632 3061 700 3121 licet
715 3060 834 3136 disere,
851 3060 950 3127 sesci-¹
