2125 4067
172 535 249 614 232
331 514 410 584 Dn
445 528 694 582 sturnus

172 648 229 689 nec
255 627 329 688 verb
355 626 414 690 sese
441 630 495 709 ipsi
523 625 688 689 accusarent
719 627 763 688 ob
790 640 851 690 een

173 705 309 782 causam,
331 709 412 789 qubd
433 707 492 770 sese
510 707 588 767 meld
608 708 695 769 rebus
711 706 768 769 suis
782 729 852 770 con·
881 744 885 749 ·

173 785 283 847 suluisse
308 786 465 848 dicerent:
499 806 602 851 eorum
630 789 710 849 enim
731 789 796 850 hac
815 787 851 849 est

174 867 314 947 querela,
331 871 380 949 qui
398 869 451 928 sibi
469 869 526 927 cari
546 866 634 941 sunt,
655 866 776 950 seseque
796 869 853 928 dili·

196 965 258 1007 unt.
272 946 373 1026 Quare
386 992 396 1018 ,
407 947 645 1030 quotiescumque
656 947 771 1009 dicetur
783 949 851 1009 mall

174 966 212 1087 de
231 1026 261 1087 se
282 1030 344 1108 quis
369 1030 495 1102 mereri,
515 1028 627 1109 sibique
646 1026 705 1088 effe
728 1030 852 1089 inimicus

174 1105 853 1269 tlssglsstltllmrlzls{lists3¹3:

174 1264 258 1340 sam,
281 1283 312 1326 ut
333 1286 369 1328 ex
386 1287 422 1328 eo
443 1270 507 1348 ipso
525 1269 617 1349 possit
634 1267 783 1350 intelligi,
805 1269 851 1328 sibi

175 1367 322 1427 quemque
341 1344 397 1406 esse
421 1367 529 1408 carum.
561 1346 625 1409 Nec
647 1347 773 1409 veroid
794 1347 852 1410 sarit

175 1423 241 1497 est,
270 1427 417 1486 neminem
436 1425 517 1501 ell'e,
541 1430 590 1510 qui
608 1426 668 1507 ipse
689 1426 720 1489 se
737 1428 852 1502 oderit;

173 1503 224 1564 sed
239 1503 309 1565 illud
324 1527 442 1589 quoque
455 1507 671 1591 intelligendum
688 1506 752 1583 est,
767 1509 854 1570 nemi.

175 1604 245 1645 nem
266 1583 355 1659 effe,
409 1589 460 1661 ui,
484 1609 544 1669 quo
564 1588 657 1649 modo
675 1585 706 1649 se
722 1589 854 1660 haheat,

176 1664 246 1725 nihil
267 1664 314 1726 sua
333 1608 447 1728 cenieat
466 1666 616 1730 intereile:
643 1667 766 1730 tolletur
781 1672 854 1731 enirn

177 1746 322 1824 appetitus
335 1749 421 1807 animi
435 1791 445 1821 ‚
457 1749 498 1822 si,
512 1749 584 1809 utin
599 1749 631 1808 iis
651 1747 763 1823 rebus,
785 1752 854 1810 inter

176 1844 247 1904 quas
273 1827 343 1887 nihil
369 1826 507 1901 interest,
537 1845 667 1890 neutram
694 1830 725 1888 in
746 1846 854 1910 partem

176 1908 381 1986 propensiores
390 1907 502 1981 firmus,
515 1910 620 1967 itemin
629 1907 853 1990 nobismetipsis,

176 1987 421 2126 qupmaqmodum
441 1986 535 2128 affeffili
548 1990 658 2063 simus,
673 1989 745 2049 nihil
764 1989 853 2050 nolite

177 2087 209 2125 ar
231 2084 282 2126 ura
304 2090 377 2128 imur
392 2085 483 2129 intere
508 2089 536 2129 e.

219 2145 279 2207 XI.
299 2148 398 2230 Atque
418 2153 505 2209 etiam
522 2148 618 2219 illud,
637 2150 668 2210 si
701 2150 744 2209 uis
761 2148 854 2211 dicere

177 2226 274 2301 velit,
297 2229 502 2309 perabsurdum
523 2230 584 2300 sit,
605 2229 644 2288 ita
660 2227 741 2311 di·gi
763 2250 781 2290 a
800 2227 856 2289 sese

177 2325 349 2388 quemque,
372 2328 457 2405 urea
482 2312 526 2370 vis
551 2308 689 2391 diligendi
711 2308 748 2369 ad
773 2309 854 2371 alian

176 2389 625 2546 idlqudmdtiimsdseretlfieliaiirz’
639 2410 714 2528 lidia
719 2387 854 2550 qlduuiuiii

175 2543 305 2605 amicitiis
319 2587 331 2611 ,
352 2567 439 2625 quum
459 2549 488 2605 in
503 2489 605 2608 olidis
617 2570 734 2631 „quum
750 2550 782 2608 in
799 2549 855 2609 vir·

175 2622 284 2681 tutibus
303 2625 425 2698 dicitur,
444 2628 725 2710 quomodocumque
738 2628 854 2701 dicitur,

177 2703 298 2786 intelligi
326 2723 424 2765 tamen
449 2707 519 2786 quid
545 2708 655 2769 dicatur
681 2707 807 2790 potest3
828 2711 854 2769 in

177 2785 262 2844 nobis
282 2802 377 2845 autem
392 2789 459 2867 ipsis
477 2807 514 2847 ne
534 2789 655 2869 intelligi
669 2789 791 2870 quidem
805 2833 815 2862 ,
827 2804 854 2848 ut

176 2883 298 2947 propter
312 2867 396 2926 aliam
414 2870 578 2948 quampiam
595 2889 677 2942 rem,
696 2870 782 2932 verbi
792 2890 855 2951 gre·

175 2947 856 3105 iidrl'iililniiiiil‘linwio“iiiii

175 3104 365 3186 nosmetipsos
382 3107 535 3189 diligimus.
559 3074 569 3103 ’
657 3051 677 3112 P
715 3051 735 3113 p
