2125 4067
214 522 408 621 ‘'Lrnrrt
451 552 689 610 rannus,
755 555 830 632 147

139 651 369 735 compieeiatur,
390 672 446 715 nec
467 651 572 714 eedem
590 651 654 712 haec
670 652 700 711 in
718 652 828 715 artibus

139 733 198 795 esse
210 733 380 802 uideamus.
407 731 560 813 Deinceps
571 732 731 813 explicatur
744 730 831 793 diffe-

140 815 237 874 rentia
252 832 371 886 rerum3
388 834 475 892 quam
494 814 517 872 si
533 812 697 875 nonullam
713 811 768 874 esse
786 813 831 874 di·

143 912 278 952 ceremus
295 936 306 966 ,
325 891 552 953 confunderetur
571 896 666 954 otnnis
683 895 772 970 vita,
797 910 831 956 ut

144 971 183 1031 ab
202 969 360 1036 Aristone:
382 993 439 1034 nec
458 971 549 1032 ullum
563 971 706 1053 sapientie
726 970 834 1037 munus¹

141 1068 194 1113 aut
207 1074 283 1134 opus
300 1055 501 1126 inveniretur,
511 1073 602 1136 quum
616 1069 690 1114 mter
704 1074 750 1114 res
764 1074 833 1130 ως

140 1154 206 1216 quae
224 1134 263 1194 ad
281 1135 373 1197 vitam
391 1133 556 1218 degendam
573 1134 770 1214 pertinerent,
788 1137 835 1194 ni·

139 1214 181 1275 hil
207 1218 337 1277 omnino·
350 1214 497 1278 interesset
516 1260 527 1290 ,
549 1234 647 1297 neque
667 1213 757 1273 ullum
779 1212 835 1275 de·

140 1294 249 1357 lesiutn
269 1296 399 1377 adhiberi
420 1313 601 1379 oporteret:
621 1296 721 1376 itaque
744 1314 835 1375 quum

140 1374 208 1449 satis
229 1374 299 1438 esset
315 1376 522 1452 constitutum,
541 1376 572 1438 id
586 1376 681 1438 solum
703 1372 761 1438 effe
777 1373 837 1437 bo·

142 1476 238 1531 num,
254 1459 334 1538 quod
350 1457 419 1520 esset
432 1457 584 1527 honestum
597 1503 607 1533 ,
624 1458 657 1520 &
674 1456 704 1517 id
721 1456 832 1520 malurn

143 1535 260 1609 solum,
271 1539 351 1619 quod
363 1557 467 1622 turpe3
481 1557 547 1601 tunu-
559 1542 636 1600 inter
648 1540 697 1598 illa
708 1559 772 1619 quae
785 1541 833 1599 ni·

142 1608 184 1677 hil
203 1619 336 1680 valerent
348 1620 385 1683 ad
395 1621 479 1683 beate
491 1619 633 1682 misereve
650 1619 812 1681 vivendum
820 1636 835 1695 ,·

140 1698 251 1780 aliquid
267 1716 385 1777 tamen,
397 1724 457 1786 quo
473 1699 640 1776 differrent,
652 1698 708 1762 esse
721 1701 832 1763 volue-

140 1797 236 1855 runt,
257 1798 289 1842 ut
313 1781 404 1845 essent
424 1805 526 1847 eorum
551 1784 607 1845 alia
628 1781 832 1857 aestimabilia,

140 1860 197 1922 alia
213 1861 337 1938 contri,
355 1865 413 1927 alia-
427 1883 573 1928 neutrum.
609 1912 612 1919 ,

147 2008 150 2013 ,
187 1950 235 2024 51.
255 1942 336 2024 Quae
351 1964 450 2014 autem
465 1942 632 2014 aestimanda
645 1940 756 2016 essent,
776 1954 835 2003 eo-¹

140 2041 207 2084 rum
225 2026 256 2083 in
272 2024 415 2094 aliiasatis,
431 2023 486 2087 effe
507 2023 620 2097 cause,
638 2023 833 2104 quamobrem

139 2103 314 2183 quibusdam
321 2122 574 2186 anteponerentur
582 2148 592 2178 ,
601 2121 633 2164 ut
645 2107 675 2165 in
686 2104 835 2165 valetudi-

142 2201 184 2242 ne
195 2225 204 2254 ,
214 2198 248 2240 ut
262 2183 297 2240 in'
308 2186 471 2264 integritate
484 2184 639 2257 sensuum,
653 2201 686 2243 ut
700 2186 730 2243 in
747 2184 839 2243 dolo·

141 2265 183 2323 ris
200 2262 348 2323 vacuitate
359 2306 368 2334 ,
379 2281 412 2323 ut
422 2263 576 2347 ingloria,
594 2263 719 2337 divitiis,
732 2264 837 2324 simili·

140 2344 198 2404 bus
215 2341 321 2418 rebust
340 2343 395 2405 alia
410 2360 508 2405 autern
530 2365 592 2405 non
611 2341 667 2404 effe
682 2339 835 2424 ejusmodi.

141 2422 279 2507 Itemque
302 2443 432 2501 eorum,
456 2445 520 2508 quae
540 2423 619 2487 nullti
643 2422 832 2495 estimatione

143 2505 232 2587 digna
253 2501 364 2582 essenti,
385 2504 491 2599 partim
509 2506 574 2570 satis
588 2507 697 2569 habete
717 2508 807 2570 causae
819 2521 835 2584 ‚'

140 2587 334 2668 quamobrem
357 2591 546 2669 reJicerentur
564 2633 575 2663 ‚
596 2605 633 2650 'ut
659 2589 796 2651 dolorem
816 2633 830 2664 ‚

140 2666 438 2740 morbum‚sensuunr
448 2672 656 2739 amissionem,
672 2687 833 2748 pauperta-

87 2758 90 2766 '
140 2765 226 2821 tem„
240 2750 450 2829 ignominiam,
470 2749 574 2810 similia
588 2748 710 2809 horum:
727 2749 835 2829 partim

142 2848 219 2891 non.
236 2826 376 2907 ,Itemque
398 2829 466 2888 hine
488 2827 545 2890 effe
572 2827 646 2888 iilud
668 2846 834 2902 exortum,

142 2905 228 2991 quod
253 2905 337 2967 Zeno
359 2907 519 2986 urgemini
540 2951 550 2979 ,
570 2907 730 2986 contraque
751 2908 835 2988 quod

141 2988 360 3070 intugouypt'ror
380 2985 568 3061 nominavit,
591 3007 681 3069 quum
703 3003 832 3054 uteretur

142 3070 173 3130 in
193 3069 290 3153 lingua
311 3066 431 3155 copiosa
446 3065 529 3134 fauts
550 3070 835 3214 tamengopriuibua

709 3173 731 3238 ι]
843 3180 847 3189 ’
