2125 4067
150 518 232 599 [304
287 493 714 569 ‘Tuscum-nunnus

149 614 295 683 nettavit,
311 614 341 672 in
361 632 421 693 quo
438 611 514 672 nulla
530 632 562 672 re
579 633 668 694 egens
688 613 781 674 alelur
799 608 830 676 δι’

148 694 344 755 sustentabitur
368 691 467 752 iisdem
492 693 606 766 rebus,
632 694 737 774 'quibus
756 693 830 755 astra

149 773 337 835 sustentantur
351 773 384 832 δι
399 772 523 832 aluntur.

189 874 240 927 44.
259 851 419 932 Quumque
441 854 572 933 corporis
586 850 700 914 facibus
719 855 830 915 indant-

147 937 222 995 mari
236 931 378 994 soleamus
392 932 428 992 ad
440 952 543 993 omnes
561 930 623 994 fere
643 935 830 1015 cupiditates,

146 1013 248 1094 edque
268 1015 358 1095 magis
381 1013 527 1084 incendi,
549 1013 630 1093 quod
649 1015 684 1076 iis
713 1017 838 1076 aemule··

149 1114 233 1167 mur,
246 1095 294 1173 qui
306 1113 341 1153 ea
352 1092 497 1162 habeant,
514 1114 578 1174 quae
588 1114 643 1153 nos
659 1094 769 1164 habere
781 1116 830 1155 cu·

150 1176 262 1254 piamus
279 1193 289 1246 3
310 1172 443 1254 proferto
461 1174 540 1233 beati
557 1170 690 1247 erimus,
714 1195 800 1255 quum
818 1216 830 1248 ,

151 1252 321 1334 corporibus
351 1251 453 1312 relidlis
479 1296 489 1326 ‚
521 1252 555 1312 ὅ(
581 1254 770 1334 cupiditatum
799 1255 830 1315 dt

151 1330 368 1395 aemulationum
393 1333 498 1392 erimus
517 1351 671 1412 expertes:
696 1334 830 1416 quodque

150 1433 228 1472 nunc
245 1411 384 1483 facimus,
401 1432 490 1491 quum
507 1413 595 1473 laxati
616 1413 691 1473 curis
713 1413 807 1475 sumus
816 1444 830 1487 ν,

150 1510 183 1552 ut
201 1492 326 1573 spedlare
344 1492 450 1572 aliquid
465 1492 590 1553 velimus
610 1494 644 1554 &
663 1491 782 1569 visere,
800 1493 830 1553 id

150 1573 243 1633 multo
260 1590 323 1634 tum
334 1570 471 1633 faciemus
480 1571 595 1634 liberius
606 1594 616 1646 ;
629 1573 766 1654 totosque
778 1580 830 1635 nos

144 1654 180 1713 -in
207 1653 439 1734 contemplandis
462 1653 549 1713 rebus
596 1652 831 1736 erspiciendisque

150 1754 315 1826 ponemus,
333 1749 491 1814 propterea
504 1754 543 1814 qu
599 1733 633 1795 &
648 1734 752 1795 naturi
763 1731 830 1795 inest

149 1834 181 1872 tn
199 1814 341 1874 mentibus
355 1812 456 1875 nostris
467 1813 627 1874 insatiabilis
708 1815 776 1875 dam
784 1828 832 1875 cu·-

150 1893 254 1987 piditas
273 1894 487 1967 veriridendi3
499 1894 602 1957 &orae
613 1896 645 1975 ip
659 1917 683 1955 ae
700 1894 831 1957 locontur

149 1973 283 2049 tllorum,
292 1975 351 2056 quo
360 1977 594 2056 pervenerimus,
603 1976 664 2056 quo
674 1972 830 2038 faciliorem
841 1986 843 1992 '

152 2054 237 2118 nohis
259 2056 456 2137 cognitionem
473 2075 570 2116 rerum
593 2054 774 2130 coelestium,
792 2056 829 2116 el>

152 2133 296 2212 majorem
310 2135 505 2216 cognoscendi
517 2135 704 2216 cupiditatem
717 2137 831 2197 dabunt.

152 2211 225 2274 Haec
243 2217 320 2277 enim
340 2216 524 2296 pulchritudo
535 2218 623 2276 etiam
638 2219 669 2277 in
683 2220 768 2278 terris
778 2232 831 2297 pa-'

151 2297 236 2354 triam
247 2295 682 2377 illam&avitam(utaitTheo
704 2293 831 2377 hrastus)

151 2375 391 2457 philosophiam,
415 2378 588 2458 cognitionis
610 2318 766 2458 cupidtate
784 2379 831 2435 in-

151 2453 282 2528 censam,
301 2458 450 2517 excitavit:
462 2459 606 2537 praecipue
613 2458 685 2520 verb
702 2456 829 2517 fruentur

151 2531 209 2605 est,
223 2537 273 2613 qui
283 2551 345 2594 tum
360 2538 444 2594 etiam
454 2581 464 2609 ‚
474 2558 582 2616 quum,
597 2539 647 2598 has
656 2553 743 2602 terras
749 2536 828 2594 inco·

147 2611 270 2687 lentes,
289 2614 451 2673 circumfusi
468 2635 549 2676 erant
566 2620 688 2699 caligine
701 2631 829 2692 ‚tamen

151 2693 215 2754 acie
234 2696 337 2756 mentis
352 2694 491 2776 dispicere
507 2700 674 2778 cupiebant.

193 2772 268 2835 XX.
288 2773 403 2837 Etenim
423 2777 446 2835 si
460 2796 536 2837 nunc
555 2780 591 2838 ali
632 2777 663 2837 id
679 2774 735 2839 asse
775 2771 830 2835 'se

152 2871 274 2934 putant,
289 2860 337 2940 qui
350 2856 454 2918 ostium
469 2856 555 2918 Ponti
566 2863 596 2921 vi
618 2873 721 2931 erunt,
736 2796 830 2918 dlueas

151 2935 307 3031 angustias,
324 2957 377 3023 per
387 2957 457 3022 quas
474 2942 638 3022 penetravit
647 2959 703 3015 ea,
714 2957 779 3020 quae
790 2932 829 3007 est.

150 3033 298 3083 nominata
339 3082 342 3087 ,
