2125 4067
239 440 394 515 ltnsn
423 453 644 514 mnus:
698 452 777 537 '329'

155 576 194 633 n,
209 556 242 619 &
257 555 426 620 Graeculum
439 578 448 630 ;
465 557 514 619 sed
531 575 629 619 tamen
647 555 779 618 fortuna·

156 680 166 700 .
184 637 293 698 Utrum
309 641 412 721 igitur,
422 641 450 698 si·
460 656 521 698 tum
534 636 776 707 effetexstindlust

155 721 216 779 onis
238 719 353 793 rebus,
376 741 413 779 an
439 719 558 778 amalis
582 710 746 778 discessisset
764 717 777 776 l

158 800 175 859 ὲ
204 820 221 858 a
245 797 373 859 miseris:
399 800 560 858 nonenim
583 816 649 856 cum
674 796 776 865 socero

157 898 208 937 um
234 876 361 958 gessisset
387 893 396 936 t
426 898 486 936 non
512 880 670 954 imparatus
698 898 775 939 arma

156 955 275 1099 fsiffet:
297 980 359 1018 non
381 957 501 1017 domum
518 953 691 1036 reliquillet:
714 978 775 1018 non

171 1039 236 1098 talia
255 1036 384 1120 fugisset:
407 1057 493 1109 non,
514 1038 640 1096 exercitu
656 1035 778 1111 amilio,

156 1139 186 1178 us
204 1121 233 1177 in
246 1117 396 1181 servotum
413 1116 522 1177 ferrum
541 1117 573 1176 &
595 1135 697 1175 manus
710 1116 781 1175 inci·

156 1215 201 1258 st:
227 1219 289 1258 non
315 1199 398 1258 liberi
425 1197 546 1256 defleti:
573 1217 635 1255 non
658 1195 782 1256 fortuna

156 1299 198 1341 tes
213 1278 400 1339 avidioribus
416 1273 563 1357 polleffaez
581 1278 650 1356 qui,
668 1278 690 1335 si
702 1297 782 1336 mor·

177 1376 238 1418 tum
258 1356 382 1429 obillet,
401 1359 431 1416 in
451 1357 631 1436 amplissimis
655 1355 779 1416 fortunis

156 1437 264 1513 idillet3
292 1441 316 1497 is
342 1439 552 1518 propagatione
578 1439 646 1497 vitae
672 1453 777 1519 quot,

156 1536 243 1642 ntus,³
264 1518 351 1599 qulm
373 1517 555 1578 incredibiles
577 1518 671 1577 hausit
696 1517 777 1584 calae

156 1617 237 1660 ates.

156 1677 305 1740 [XXVI.
338 1678 411 1741 Haec
440 1695 537 1741 morte
569 1675 774 1761 effligiunturz

156 1781 182 1821 m
195 1762 219 1820 si
233 1779 294 1819 non
314 1764 487 1835 evenerint,
503 1778 602 1822 tamen
621 1764 688 1840 quia
705 1760 776 1840 pos·

156 1865 158 1899 :
181 1843 319 1902 evenire:
340 1841 390 1903 sed
411 1841 545 1904 homines
565 1861 601 1901 ea
623 1842 676 1899 sibi
697 1842 776 1899 acci·

156 1919 265 2003 spolie
291 1942 352 1982 non
381 1926 519 2004 cogitant.
546 1920 663 1980 Metelli
684 1919 777 1998 sperat

166 2002 281 2083 quisque
297 2001 466 2063 fortunam:
505 1999 610 2060 roinde
627 2002 706 2078 quasi
727 2013 777 2058 aut

156 2100 190 2143 'es
209 2081 347 2143 fortunati
364 2085 420 2142 sint
442 2023 529 2163 qulm
553 2079 708 2153 infelices,
729 2078 778 2138 au't

157 2165 168 2222 i
184 2163 341 2245 quidquam
359 2165 393 2220 sit
409 2164 439 2220 in
455 2164 546 2221 rebus
557 2161 711 2231 humanis,
729 2175 778 2218 aut

156 2263 208 2304 are
229 2246 265 2302 sit
288 2241 457 2323 prudentius
474 2240 562 2322 quam
586 2243 698 2298 timere.
718 2237 779 2298 Sed

169 2321 261 2405 ipsum
281 2321 480 2403 coneedatut,
508 2321 594 2380 bonis
615 2321 701 2380 rebus
716 2318 777 2380 ho·

157 2422 188 2464 es
210 2420 305 2465 morte
325 2404 450 2486 privari:
479 2420 552 2483 ergo
575 2403 661 2461 etiam
678 2421 777 2462 carere

157 2498 225 2543 tuos
237 2488 304 2546 vitae
316 2483 499 2557 commodis,
514 2483 602 2564 idque
618 2480 674 2542 effe
690 2482 776 2543 mise·

157 2562 176 2624 ‚l
188 2561 277 2626 Certe
287 2569 325 2626 ita
333 2566 428 2626 dicant
438 2563 550 2625 necesse
559 2562 609 2625 est.
619 2563 668 2623 An
676 2562 773 2643 potest

157 2645 199 2726 {ui
214 2666 273 2703 non
290 2644 349 2716 est,
365 2665 395 2705 re
410 2645 467 2702 ulla
479 2644 587 2703 carere?
602 2642 680 2703 triste
694 2646 774 2702 enim

157 2742 261 2799 nomen
277 2725 285 2780 i
309 2723 368 2781 sum
386 2722 520 2795 carendi,
545 2725 611 2803 quia
630 2716 774 2797 lubjicitur

178 2804 243 2862 vis:
266 2745 392 2878 lldbuit,
408 2822 468 2861 non
482 2801 589 2860 habet:
604 2800 748 2859 desiderat
763 2844 774 2874 ,
