2125 4067
190 463 271 557 r552
320 455 742 527 Tuncuunnurt

190 590 240 636 eut
260 570 309 633 ubi
329 582 483 651 paupertas
503 563 607 625 beatos
627 559 685 625 effe
707 584 772 626 non
790 562 870 628 sinit?

189 653 303 734 Signis,
316 648 427 720 credo,
444 645 566 718 tabulis,
586 642 670 705 ludis.
686 641 800 727 Siquis
816 645 871 721 eli,

190 735 240 813 qui
260 731 303 789 his
325 726 502 800 delebetur,
520 743 621 785 nonne
646 724 755 785 melius
776 742 872 787 tenues

190 811 327 871 homines
336 807 484 880 fruuntur,
494 802 582 885 quim
592 803 653 877 illi,
664 805 715 884 qui
733 804 779 864 his
790 805 873 866 abun·

192 888 292 949 dant?
320 885 368 947 Est
392 889 470 946 enim
496 903 595 945 earum
621 885 758 945 omnium
784 905 875 947 rerum

191 967 336 1030 nostra-in
356 965 427 1026 urbe
445 965 555 1025 summa
572 965 604 1024 in
622 962 745 1044 publico
769 967 875 1046 copia:

191 1069 257 1130 quae
274 1050 322 1128 qui
340 1047 444 1126 privati
459 1044 588 1116 habent,
600 1063 657 1104 uec
667 1059 729 1105 tam
742 1045 876 1108 multa&

191 1129 258 1190 rarb
277 1126 396 1198 vident,
413 1145 503 1207 quum
517 1125 550 1185 in
561 1122 609 1183 sua
626 1145 693 1184 rura
711 1142 875 1200 venerum

194 1228 270 1289 quos
294 1224 391 1266 tamen
412 1205 514 1286 pungit
538 1203 666 1284 aliquid,
686 1225 805 1286 quum,
829 1206 875 1269 illa

192 1287 271 1347 unde
288 1286 431 1358 habeant,
445 1284 641 1345 recordantur.
660 1281 738 1345 Dies
756 1305 806 1346 me
825 1285 875 1347 de-

192 1365 291 1440 ficiet,
311 1368 334 1425 si
349 1364 438 1425 velim
449 1367 624 1444 paupertatis
642 1362 757 1424 causam
769 1363 874 1427 desen·

192 1445 279 1505 dere:
298 1461 399 1525 aperta
413 1448 490 1504 e'nim
502 1463 547 1504 res
558 1442 616 1516 est,
629 1443 663 1503 δι
676 1442 808 1526 quotidie
819 1466 872 1505 nos

190 1523 251 1604 ipsa
265 1541 366 1584 natura
375 1524 532 1597 admonet,
551 1522 639 1603 quiam
654 1525 776 1603 paucis,
789 1524 873 1607 qulam

192 1606 288 1684 parvis
306 1605 390 1663 rebus
405 1624 422 1665 e
444 1620 509 1678 eat,
526 1603 615 1683 quim
629 1603 745 1665 vilibus.

233 1682 263 1741 X
271 1682 403 1744 XXVI.
458 1704 508 1743 um
525 1684 629 1764 igituri
649 1685 809 1758 nobilitas,
826 1700 873 1747 aut

190 1762 360 1834 humilitas,
381 1766 534 1822 autetiam
558 1703 706 1845 popularia
727 1762 871 1839 offensio,

188 1840 348 1922 sapientem
370 1842 487 1917 beatum
506 1839 563 1903 elle
580 1843 765 1924 prohibebit?
780 1845 869 1916 vide,

190 1941 229 1981 ne
247 1923 311 2002 plus
325 1923 542 1983 commendatio
557 1925 587 1982 in
602 1924 727 2007 vulgus,
742 1925 775 1985 δι
789 1924 870 2000 haec,

190 2022 254 2081 quae
279 2005 446 2080 expetitur,
469 2003 560 2084 gloria
583 2004 724 2066 molestiae
742 2005 869 2078 habeat,

213 2081 278 2139 uim
308 2082 475 2161 voluptatis.
505 2082 658 2146 Leviculus
682 2084 750 2145 sand
776 2084 872 2145 noller

190 2101 427 2233 bemosthenem
438 2165 487 2244 qui
498 2163 549 2221 illo
565 2161 675 2225 sufiurro
687 2164 826 2226 delestari
843 2165 871 2225 se

190 2240 306 2307 dicebat
335 2263 439 2322 aquarn
465 2240 582 2302 serentis
607 2244 812 2319 mulierculae,
839 2263 870 2304 ut

188 2342 254 2381 mos
273 2325 301 2380 in
320 2320 433 2382 Graecia
452 2320 512 2393 est,
528 2320 724 2399 insusurrantis
738 2344 776 2385 ue
796 2325 868 2384 alte·

186 2403 229 2458 ti:
251 2401 307 2459 Hic
324 2403 356 2480 est
373 2403 421 2460 ille
439 2403 637 2482 Demosthenes.
655 2404 689 2542 s}
707 2347 738 2463 d
755 2405 813 2464 hbe
824 2406 870 2464 le-

184 2477 270 2536 vius?
289 2478 330 2537 At
346 2499 468 2559 quantus
487 2483 606 2544 orator?
623 2482 661 2545 Se
696 2482 773 2562 apud
792 2482 864 2543 alios

183 2557 264 2698 lsoqui
280 2559 415 2618 videlicet
427 2560 652 2637 didicerat,non
665 2563 789 2623 muttum
802 2561 863 2644 ipse

197 2657 291 2699 ecum.
645 2670 648 2675 ·

229 2735 296 2790 104.
321 2715 544 2799 Intelligendum
563 2719 624 2795 esti
645 2721 720 2793 'tur‚
733 2741 790 2782 nec
805 2721 867 2803 glo·

183 2798 255 2864 riam
272 2798 441 2878 popularem
453 2799 542 2880 ipsam
559 2821 610 2879 per
631 2801 865 2941 eexpetendam,

185 2898 240 2957 nec
269 2879 477 2959 ignobilitatem
510 2879 683 2943 extimescen
706 2903 763 2942 am.
797 2885 866 2944 Veni

183 2960 312 3027 Athenas
330 3004 342 3037 ‚
364 2961 454 3044 inquit
474 2956 693 3041 Democritum
718 2983 802 3043 neque
825 2983 865 3021 me

725 3041 863 3124 quisquam
