2125 4067
299 452 450 519 brusa
485 462 734 534 QUARTUS.
783 464 856 539 491

183 563 234 629 vel
249 566 368 625 omnino
383 563 487 644 negligi
497 565 604 644 possit:
618 562 804 625 abducendus
826 562 868 625 est

184 649 273 706 etiam
291 664 507 722 nonnumquam
530 642 566 702 ad
587 643 641 704 alia
659 644 769 718 studia,
788 643 870 706 solli-

184 725 350 797 citudines,
373 745 473 796 curas,
498 724 634 804 negotia:
658 723 717 783 loci
742 726 868 805 denique

183 805 365 874 mutatione,
383 818 531 882 tamquam
554 805 655 883 aegroti
674 824 736 864 non
755 826 869 867 conva-

184 882 344 955 lescentes,
361 880 435 962 saepe
453 881 592 941 curandus
608 880 659 942 est.

227 981 280 1043 75.
301 962 396 1022 Etiam
413 983 494 1023 novo
512 961 641 1042 quodam
661 980 761 1023 amore
784 981 870 1026 vete-

185 1063 250 1105 rem
270 1063 402 1104 amorem
414 1059 561 1124 tamquam
579 1042 664 1108 clavo
682 1041 796 1106 clavum
814 1043 872 1123 eji-

187 1122 325 1186 ciendum
348 1139 473 1204 putant:
498 1123 623 1183 maxime
648 1137 746 1183 autem
770 1124 873 1185 admo-

186 1205 321 1277 nendus,
337 1221 458 1283 quantus
479 1205 514 1262 sit
530 1201 611 1280 furor
629 1204 754 1263 amoris:
776 1204 874 1265 omni-

187 1285 242 1345 bus
268 1287 346 1359 enirn
369 1304 405 1343 ex
430 1285 517 1345 animi
540 1283 803 1364 perturbationibus
830 1283 872 1344 est

188 1363 323 1445 profeilb
345 1364 422 1423 nulla
442 1363 669 1436 vehementior3
691 1380 745 1436 ut,
767 1367 790 1424 si
811 1361 873 1444 jam

189 1444 249 1525 ipsa
269 1444 317 1503 illa
335 1441 465 1503 accusare
484 1444 585 1515 nolis,
606 1442 700 1523 stupra
722 1444 815 1518 dico,
838 1444 873 1504 &

191 1523 371 1604 corruptelas
383 1568 392 1596 ,
404 1522 435 1581 &
449 1522 605 1594 adulteria,
620 1522 725 1582 incesta
738 1524 804 1584 deni
826 1544 875 1598 ue,

191 1625 317 1684 quorum
332 1603 462 1664 omniunt
475 1603 638 1663 accusabilis
649 1601 690 1663 est
699 1545 847 1685 turpituio
864 1623 873 1664 ε

190 1685 241 1745 sed
256 1701 287 1744 ut
298 1685 359 1744 haec
370 1685 505 1754 omittas,
522 1684 699 1764 perturbatio
714 1683 772 1763 ipsa
788 1705 873 1746 men-

192 1769 228 1825 tis
246 1767 274 1823 in
286 1783 384 1834 amore
395 1762 472 1825 foeda
483 1783 537 1843 per
549 1763 577 1824 se
596 1762 646 1826 est.

234 1845 284 1921 76.
305 1843 382 1906 Nam
401 1859 432 1903 ut
449 1843 496 1903 illa
510 1862 707 1924 praeteream,
728 1864 792 1924 quae
808 1844 873 1906 sunt

194 1924 315 1998 furoris,
329 1924 390 1983 haec
400 1922 457 2003 ipsa
461 1944 520 2061 per
536 1923 594 1984 sese
597 1944 691 2062 ¹quam
706 1924 815 1985 habent
832 1925 875 1992 le·¹

194 2008 315 2067 vitatem
327 2049 337 2080 ‚
350 2025 413 2084 quae
428 2006 459 2066 vi
481 2020 564 2063 entur
579 2024 594 2063 e
619 2023 635 2063 e
653 2003 833 2065 mediocria?

676 2127 765 2195 injuria
775 2162 785 2184 ‚

197 2223 347 2293 Suspiciones
357 2255 366 2279 ‚
377 2214 504 2269 inimicitiae
517 2216 632 2276 ,inducia
642 2252 651 2277 ,

141 2367 149 2381 ,
198 2318 294 2370 Bellum
307 2349 314 2374 ,
321 2330 372 2381 pax
381 2304 478 2376 rurfirm.
494 2305 590 2358 Incerta
598 2310 645 2359 bac
654 2309 676 2360 si
682 2310 786 2378 postules

198 2411 302 2465 Ratione
313 2421 376 2458 certa
382 2403 464 2472 facere
473 2435 482 2459 ‚
492 2400 568 2451 nihili
574 2403 630 2471 plus
639 2421 712 2473 agas,

203 2502 282 2573 Quint
291 2501 312 2549 si
329 2501 368 2549 des
378 2512 471 2566 operam
482 2509 526 2553 ‚ut
537 2513 586 2545 cum
594 2497 686 2548 ratione
696 2492 810 2566 insanias·

202 2627 275 2689 Haec
298 2623 486 2688 inconstantia
506 2625 736 2707 mutabilitasque
755 2623 880 2698 mentis}

200 2727 288 2788 quem
315 2726 375 2764 non
393 2707 455 2784 ipsa
474 2711 616 2786 pravitate
640 2704 814 2766 deterreat?
838 2703 880 2764 est

201 2788 281 2846 enim
297 2782 367 2843 illud
387 2826 397 2855 ‚
417 2785 496 2865 quod
513 2787 544 2843 in
564 2788 646 2844 omni
664 2785 881 2863 perturbatione

201 2867 325 2937 dicitur,
342 2862 615 2937 demonstrandum,
628 2863 736 2923 nullam
756 2861 811 2924 elle
829 2864 884 2924 nisi

202 2943 405 3027 opinabilem,
426 2945 479 3011 nisi
494 2941 604 3027 judicio
621 2941 781 3085 suseeqpam
799 2987 810 3018 ,
828 2945 883 3013 nisi

750 3045 782 3106 Vl
