2125 4067
194 546 268 620 1¹4
349 527 426 598 Da
459 542 714 599 aturrus

190 662 260 701 num
279 641 421 703 existimes
440 663 501 703 non
520 640 587 702 dico
606 641 802 719 Homerum,
821 645 870 707 Ara

189 721 372 796 clrilochum‚
384 721 553 796 Pindarum,
565 720 615 783 sed
626 722 765 786 Phidiam
774 771 785 800 ,
793 725 870 809 Poly·-

190 802 320 876 cletum‚
336 802 466 876 Zeuxin,
481 802 518 863 ad
529 802 697 885 voluptates
717 824 799 867 artes
818 807 869 867 suas

188 880 340 947 direxisse?
359 882 437 967 Ergo
448 882 547 986 opifex
563 884 628 964 plus
647 887 705 947 sibi
725 904 867 969 proponet

185 962 225 1023 ad
234 962 414 1061 formarum,
427 985 514 1061 quam
523 967 594 1026 civis
603 968 758 1029 excellens
768 966 807 1029 ad
815 966 868 1029 sac·

160 1170 163 1179 .
187 1044 578 1206 torluanUprfflzrtuldtrggmea
597 1125 652 1185 alia
670 1125 759 1189 causa
777 1129 869 1212 erroris

188 1209 261 1302 tanti
272 1251 282 1280 ,
293 1223 356 1301 tam
370 1207 457 1290 longe
470 1205 584 1288 lateque
594 1203 712 1282 diffissi,
728 1210 787 1269 nisi
801 1207 869 1292 quid

188 1285 868 1463 ailt‘lxt‘lulululut{l

187 1445 259 1507 inest
275 1449 349 1507 ratio
360 1465 446 1530 atque
460 1448 629 1518 consilium,
642 1446 696 1508 sed
707 1470 779 1509 cum
799 1450 870 1531 cupi·

187 1526 295 1600 ditate,
312 1527 342 1588 id
359 1528 420 1601 est,
437 1550 505 1590 cum
519 1529 607 1588 animi
626 1527 780 1590 levissima
797 1546 868 1613 parte

188 1605 351 1668 deliberat?
366 1608 477 1688 Quaero
489 1612 566 1671 enim
580 1607 617 1668 de
627 1623 676 1667 te:
695 1610 721 1669 si
736 1608 804 1670 sunt
820 1610 867 1682 dii,

187 1703 220 1746 ut
231 1709 286 1747 vos
296 1690 383 1749 etiam
393 1692 516 1770 putatis,
527 1690 576 1772 qui
588 1685 706 1769 possunt
719 1687 780 1751 else
790 1687 869 1761 beati,

188 1788 279 1851 quum
299 1769 465 1851 voluptates
487 1789 613 1851 corpore
632 1773 792 1849 percipere
817 1789 869 1829 nou

208 1849 324 1911 ossint?
347 1868 395 1910 aut
414 1853 438 1912 si
454 1852 516 1911 sine
533 1870 571 1910 eo
590 1868 699 1931 genere
716 1850 869 1946 voluptat'u

185 1870 263 1991 icari
278 1930 362 2004 sunt,
379 1952 428 1991 cur
447 1931 572 1992 similem
589 1931 676 1990 animi
688 1928 772 1991 usum
788 1952 819 1991 m
832 1928 870 1994 ser

186 2010 360 2152 Plistlslsise
375 2010 654 2173 ¹ssdlgessliiudrttiones
669 2135 680 2164 ‚
696 2090 871 2174 Torquate,

185 2188 247 2241 uon
263 2192 386 2244 eorum,
403 2176 452 2252 qui
466 2170 528 2231 sunt
544 2174 581 2232 ab
595 2172 732 2233 Homero
745 2172 865 2265 laudati,

186 2273 248 2315 non
267 2251 361 2336 Cyri,
383 2275 443 2313 non
461 2251 616 2336 Agesilai,
634 2272 696 2312 non
721 2251 869 2324 Aristidis,

186 2353 248 2393 non
260 2333 483 2407 Themistoclis,
496 2355 557 2394 non
568 2331 710 2412 Philippi,
727 2354 791 2393 non
804 2331 869 2393 Ale·

185 2413 311 2474 xandri:
332 2415 399 2494 lege
420 2414 582 2475 nostrorum
603 2412 784 2485 hominum,
808 2413 871 2492 lege

185 2489 288 2550 vestrae
298 2491 426 2553 familiae:
440 2497 587 2554 neminem
596 2491 709 2553 videbis
722 2494 762 2552 ira
773 2492 869 2553 lauda·

185 2586 269 2643 tum,
294 2588 324 2632 ut
346 2572 448 2635 artifex
471 2574 589 2634 callidus
611 2573 869 2652 comparandarum

186 2652 371 2734 voluptatum
388 2655 540 2717 diceretur.
561 2652 631 2713 Non
649 2653 747 2734 elogia
764 2672 870 2714 monut·

186 2753 354 2796 mentorum
364 2736 394 2795 id
406 2739 428 2795 si
450 2734 582 2807 nificant,
591 2733 671 2793 velut
684 2733 743 2794 hoc
756 2734 795 2794 ad
805 2752 871 2815 por·

185 2831 244 2879 tam
266 2819 398 2876 unicum:
419 2758 549 2876 siurim
569 2813 737 2893 consentiunt
755 2833 869 2899 gentes,
885 2856 893 2863 --

181 2899 283 2981 populi
290 2899 448 2980 primarium
457 2894 648 2977 ficiffevirum.
879 2902 894 2921 ”

231 2997 297 3056 ¹17·
319 2977 392 3040 Idne
412 2973 581 3039 consensisse
598 2974 635 3034 de
652 2972 790 3035 Calatino
806 2974 870 3057 plu·

185 3057 271 3117 rimas
291 3077 394 3152 gentes
414 3060 602 3128 arbitramur,
623 3056 791 3135 primarium
812 3076 869 3137 po·

184 3137 246 3219 puli
261 3136 360 3213 fuisse,
371 3138 452 3220 quod
465 3136 710 3220 praestantissimas
724 3132 822 3199 fuisset
841 3135 870 3197 iu
