2125 4067
272 389 323 482 48
424 389 842 460 Derrrrrvs·
951 430 953 437 ·

270 504 346 567 clare
367 503 424 564 hoc
444 502 573 585 quidem.
600 502 716 566 Bonum
742 507 751 565 i
773 503 836 565 sum
861 505 950 569 etim

270 583 341 666 quid
361 582 448 658 effer,
461 581 592 658 forraffe‚
608 586 631 644 si
649 607 722 665 opus
740 527 855 658 riiffet,
874 584 950 649 desi-

269 662 379 738 niffes;
401 680 474 739 aur,
495 664 576 746 quod
594 663 663 725 effer
683 665 783 727 naturi
802 684 951 746 appeten·

269 743 355 805 dum:
370 762 437 819 aut,
453 742 707 828 quodprodeffetz
725 762 793 816 aur,
808 747 892 827 quod
906 743 950 826 ju·

269 843 374 887 vater:
401 842 471 903 aut,
495 826 576 907 quod
598 827 703 887 liberet
729 826 832 887 modo.
862 825 950 889 Nunc

267 905 347 966 idem
370 903 454 988 (nisi
478 903 631 968 molestum
649 903 690 967 est
707 903 721 986 )
740 909 879 989 quoniam
899 908 950 968 ribi

267 990 329 1047 no'n
348 989 467 1049 omniuo
484 981 611 1068 displicet
629 984 767 1061 definire,
784 986 950 1050 &idfatis

266 1088 356 1151 quum
372 1069 437 1142 viss,
458 1066 552 1141 velim¹
568 1064 705 1141 definias,
722 1067 792 1149 quid
809 1068 847 1128 sit
861 1067 950 1131 volu·

266 1165 352 1231 ptas3
369 1149 480 1228 dequo
496 1149 591 1207 omnis
605 1147 666 1208 haec
681 1147 799 1228 quaestio
815 1146 867 1210 est.
945 1178 948 1185 ¹

308 1228 336 1289 6.
361 1226 454 1308 Quasi
472 1225 645 1309 quisquam,
663 1228 778 1310 inquit,
798 1229 857 1303 sit,
875 1230 927 1311 qui
945 1239 949 1245 ’

265 1308 335 1388 quid
355 1309 391 1367 sit
406 1305 561 1386 voluptas,
579 1307 704 1380 nesciat3
727 1325 776 1369 aur
796 1310 868 1390 qui,
886 1311 947 1391 qud

264 1389 354 1470 magis
372 1387 402 1447 id
420 1386 584 1470 intelligat,
605 1384 806 1449 definitionem
821 1390 948 1471 aliqrum

264 1467 419 1532 desideret.
447 1467 500 1528 Me
522 1468 614 1548 ipsum
640 1465 696 1529 effe
720 1468 876 1545 dicerem,
902 1472 948 1531 ina

263 1569 371 1630 quam,
388 1550 441 1609 nisi
458 1549 527 1624 mihi
542 1549 657 1610 viderer
673 1549 781 1611 habere
796 1549 874 1612 bene
889 1571 947 1612 co-

262 1630 373 1711 gnitam
386 1629 590 1710 voluptatem,
607 1629 640 1690 δι
655 1627 718 1690 saris
733 1628 816 1691 firme
833 1651 947 1695 conce·

262 1727 343 1790 ptam
365 1711 463 1770 animo
479 1726 507 1768 ar
528 1730 565 1771 ue
586 1708 849 1790 comprehensam:
869 1732 946 1773 nuuc

262 1808 361 1857 autem
380 1791 467 1862 dico,
484 1731 576 1870 ipium
591 1788 748 1872 Epicurum
765 1790 894 1864 nescire,
912 1793 945 1857 ἀ

260 1871 292 1937 in
312 1891 349 1932 eo
363 1889 488 1943 nutare3
510 1891 659 1952 eumque,
677 1873 726 1953 qui
746 1872 850 1934 crebro
868 1872 945 1935 dicat

260 1950 413 2033 diligenter
429 1968 568 2033 oportere
587 1954 730 2032 exprimi,
744 1973 808 2033 quae
820 1955 864 2013 vis
880 1951 945 2013 sub·

258 2027 336 2112 jedia
358 2033 394 2092 sir
416 2032 563 2107 vocibus,
587 2053 648 2093 non
669 2032 831 2115 intelligere
851 2034 945 2097 iuter·

259 2111 351 2186 dum,
368 2112 437 2194 quid
454 2111 537 2172 sonet
549 2108 618 2173 'haec
635 2133 696 2173 vox
713 2113 893 2194 voluptatis,
912 2112 943 2176 id

254 2191 320 2266 est,
338 2214 401 2332 puae
420 2214 465 2255 res
484 2193 549 2254 huic
566 2193 634 2254 voci
651 2190 825 2266 subjiciatur.
882 2231 885 2237 ·

298 2271 335 2331 ΙΙ
360 2316 368 2334 .
394 2273 480 2334 Tunc
497 2273 546 2335 ille
563 2274 678 2346 ridens,
697 2274 765 2334 Hoc
781 2271 855 2336 verb
871 2316 882 2348 ‚
897 2272 944 2334 in·

258 2352 340 2431 quit,
362 2356 525 2432 optimum,
543 2370 576 2414 ut
595 2357 617 2413 is
628 2397 638 2426 ,
661 2356 710 2433 qui
730 2352 819 2415 finem
838 2373 942 2425 ¹rerum

255 2431 484 2510 expetendarum
503 2433 686 2513 voluptatem
707 2433 763 2495 effe
788 2435 866 2495 dicat
881 2479 892 2508 ‚
910 2433 941 2494 id

256 2528 438 2584 extremum,
455 2512 485 2572 id
500 2513 633 2573 ultimum
652 2514 821 2589 bonorum3
842 2514 872 2587 id
891 2515 941 2594 ἱρ-Ι

254 2591 315 2651 sum
334 2593 403 2673 quid
423 2594 479 2669 sir,
498 2594 583 2674 quale
603 2598 664 2667 sit,
685 2594 800 2656 nesciat.
826 2594 940 2675 Atqui,

253 2673 391 2754 inquam,
412 2691 460 2733 aut
481 2672 706 2754 Epicurusquid
725 2678 761 2735 sit
780 2675 939 2813 voluptas,

254 2770 303 2814 aut
325 2773 428 2814 omnes
453 2755 618 2827 mortales,
641 2756 691 2836 qui
716 2754 764 2814 ubi
787 2775 824 2815 ue
861 2772 936 2827 unt,

252 2827 390 2913 uestium.
413 2825 573 2916 Quonam,
592 2836 699 2916 inquit,
716 2775 832 2908 modo?
858 2834 939 2915 Quia

252 2915 436 2999 voluptutem
450 2917 536 2993 ¹hanc
564 2913 621 2981 effe
646 2915 770 2982 sentiunt
797 2935 938 2990 omnes,

844 3015 939 3079 quam
