2125 4067
278 508 430 577 [rann
467 521 693 576 rannus.
743 511 821 599 '435

136 619 306 702 insipientes
320 643 328 695 ;
346 641 440 702 neque
451 621 614 702 insipientii
624 621 714 681 ullum
733 617 826 698 majus

135 703 249 761 malum
273 700 341 773 eii3
362 723 457 782 neque
482 720 580 761 tamen
605 702 716 784 lugent.
740 700 826 779 Quid

87 806 97 816 ·
137 782 201 841 ita?
220 784 287 863 quia
303 783 370 841 huic
387 785 486 863 generi
501 783 643 842 malorum
662 803 720 843 non
739 779 826 843 affin-

160 863 217 921 itur
237 863 285 920 illa
303 863 423 941 opinio,
442 863 551 922 rebium
562 859 618 922 elle
637 861 668 920 &
686 882 822 941 aequum,

137 881 174 1001 {a
186 943 223 1001 ad
237 939 364 1002 officium
375 944 539 1023 pertinere,
549 942 624 1022 aegte
638 940 713 1000 serre
724 985 733 1013 ‚
744 941 825 1020 quoti

135 1021 253 1102 sapiens
266 1025 378 1082 non-sis
386 1042 399 1096 .;
410 1022 492 1104 quod
500 1023 579 1082 idem
587 1019 748 1102 affingimus
760 1021 826 1083 huic

139 1102 324 1183 aegritudini,
345 1105 374 1162 in
411 1102 549 1163 ualuslus
567 1099 660 1176 inest,
674 1121 737 1182 quae
758 1121 827 1161 om-

138 1185 221 1242 nium
237 1185 361 1243 maxima
377 1123 428 1243 eb.

167 1250 231 1340 '69.
252 1262 353 1344 Iraque
377 1260 569 1335 Aristoteles,
592 1278 707 1323 veteres
726 1258 827 1342 philo·

139 1341 247 1422 sophos
263 1341 413 1416 accusans,
429 1345 477 1424 qui
490 1340 740 1413 existimavillent,
762 1340 826 1420 phi-

140 1421 303 1504 losophiam
315 1424 369 1483 suis
379 1425 501 1504 ingeniis
518 1421 574 1484 elle
594 1420 773 1503 persesiatn,
786 1423 827 1481 ait

140 1522 193 1564 eos
210 1521 258 1563 aut
268 1503 447 1562 stultissimos
457 1522 505 1563 aut
516 1504 744 1643 gloriosissimos
759 1501 828 1560 fuis-

138 1582 188 1644 se:
210 1583 261 1644 sed
277 1583 305 1643 se
320 1584 439 1657 videre,
454 1584 512 1665 qub
552 1584 648 1664 paucis
667 1583 747 1643 annis
761 1603 827 1642 ma·

137 1684 200 1746 gna
224 1665 349 1724 accessio
370 1662 446 1723 sasla
468 1661 561 1736 effer,
584 1664 668 1724 brevi
688 1679 825 1743 tempore
868 1699 871 1713 ·

136 1743 352 1825 philosophiam
365 1743 449 1825 plane
460 1743 616 1804 absolutam
627 1743 701 1806 fore.
720 1742 826 1804 Theo·

137 1823 269 1906 phrastus
285 1841 382 1885 autem
395 1827 522 1885 moriens
540 1823 677 1886 accusasse
693 1839 826 1884 naturam

137 1905 265 1980 dicitur,
285 1904 365 1987 qubd
384 1907 475 1966 cervis
495 1905 709 1965 &cornicibus
731 1906 826 1964 vitam

140 1986 324 2058 diuturnam,
342 2006 467 2066 quorum
477 1985 507 2043 id
520 1981 826 2054 nihilinteresset3ho·

140 2066 293 2140 minibus,
322 2086 447 2146 quorum
474 2063 598 2125 maxime
624 2061 791 2123 interfuisset
815 2107 827 2136 ,

140 2162 203 2205 tam
222 2149 356 2228 exiguam
378 2148 468 2205 vitam
491 2141 635 2215 dedillet·,
657 2163 781 2223 quorum
802 2145 828 2202 si

140 2242 210 2285 aeras
231 2224 367 2309 potuillet
388 2223 444 2285 elle
456 2225 649 2305 ..longinquior
667 2268 677 2296 ‚
698 2222 827 2282 futurum

140 2305 241 2380 ruisse,
255 2325 306 2378 ut,
321 2306 455 2366 omnibus
471 2303 606 2386 perfesiis
623 2304 747 2376 artibus,
760 2322 828 2362 om·

140 2390 172 2447 ni
190 2388 317 2448 doctrina
329 2388 482 2447 hominum
490 2387 549 2447 vita
560 2384 730 2446 erudiretur.
741 2381 827 2462 Que-

143 2467 258 2527 rebatur
268 2470 352 2550 igitur
362 2466 390 2528 se
401 2485 481 2542 tum,
493 2487 584 2549 quum
597 2466 645 2526 illa
656 2465 757 2527 videre
766 2486 829 2527 coe·

141 2547 243 2631 pillet‚
260 2547 407 2670 exstingui.

184 2647 234 2706 7o.
256 2626 360 2705 Quid.
381 2648 417 2687 ex
436 2629 538 2688 ceteris
555 2626 734 2708 philosophis
747 2647 828 2690 non.-

140 2729 181 2768 ne
199 2708 368 2787 optimus&
381 2709 562 2787 gravissimus
572 2707 688 2786 quisque
701 2705 829 2766 confite·

140 2805 209 2860 tur,
220 2788 309 2845 multa
321 2785 349 2844 se
363 2789 371 2843 i
394 2804 513 2857 notare,
529 2787 561 2842 &
573 2787 663 2843 multa
672 2788 725 2845 sibi
739 2787 828 2846 etiam

139 2885 233 2946 atque
251 2868 337 2925 eriam
352 2806 408 2925 elle
425 2863 581 2924 discenda?
595 2884 691 2944 neque
711 2881 831 2940 tamen,

142 2968 235 3030 quum
256 2945 284 3006 se
301 2949 330 3005 in
351 2944 447 3006 media
466 2941 605 3020 stultitia,
626 2945 683 3026 qui
699 2946 769 3006 nihil
787 2945 829 3008 est

141 3025 248 3113 pejus,
260 3027 368 3090 haerete
385 3024 570 3109 intelligant,
585 3025 752 3169 aegritpdine
761 3047 830 3111 pre·
