2125 4067
245 520 322 595 '228
390 522 484 591 vDu
516 538 756 596 mutnus
799 534 802 539 '

246 635 302 697 esse
318 633 406 697 ullam
423 634 555 710 causam,
577 658 627 697 cur
647 636 725 695 aliud
741 635 789 696 alii
804 646 930 720 antepo*

243 732 347 789 natur,
363 735 418 775 nec
435 718 574 777 intereas
592 736 638 776 res
654 715 813 856 quidquam
831 723 926 780 ornu'r·

243 796 284 857 nb
309 813 410 877 putant
427 795 585 858 intereffe:
611 798 643 856 &
663 797 735 856 Heri
748 798 820 872 lus,
841 800 869 858 si
887 802 930 860 ite

242 875 353 951 sensit,
373 877 443 936 nihil
466 875 522 938 effe
546 878 685 950 bonurn,
709 895 816 956 praeter
840 877 926 941 scien·

243 959 346 1030 tiam,
371 977 491 1018 omnem
516 957 627 1017 consilii
652 957 786 1036 capiendi
815 958 927 1020 causant

243 1038 504 1118 inventionemque
525 1036 613 1097 officii
633 1034 748 1096 sustulit.
774 1036 851 1113 Sic,
873 1060 925 1100 ex·

110 1112 114 1120 ’
242 1117 326 1178 clusis
337 1118 482 1178 sententiis
496 1118 690 1198 reliquorum,
702 1137 793 1197 quurn
809 1138 926 1198 preter·

243 1217 280 1259 ea
297 1199 375 1259 nulla
389 1197 446 1259 effe
461 1201 553 1279 possit
568 1241 579 1270 ,
595 1198 656 1257 haec
669 1198 856 1278 antiquorum
873 1220 925 1263 va·

240 1276 302 1341 leat
318 1277 431 1339 neceffe
448 1277 499 1339 est.
561 1291 563 1295 '
874 1308 877 1315 ·

283 1358 343 1419 IX.
362 1357 440 1440 Ergo
455 1357 581 1418 instituto
597 1374 752 1432 veterum,
764 1377 826 1439 quo
836 1358 921 1420 etiem

245 1436 335 1500 Stoici
352 1454 491 1513 utuntur,
509 1439 577 1497 hinc
597 1441 742 1519 capiamus
761 1438 923 1500 exordium

244 1517 345 1580 Omne
365 1518 470 1578 animal
487 1517 516 1579 se
533 1517 626 1598 ipsum
645 1519 757 1602 diligit,
773 1519 827 1593 &,
840 1519 926 1580 simui

243 1597 924 1742 ἓξὲξὴῗεῐῐέἱωτθίἓῖιεὶξέῗξιζηῗηξενοὶζὲᾜοῒ

238 1700 507 1902 ipe
522 1760 736 1901 tutus
750 1759 831 1822 s
849 1756 922 1902 tr

236 1863 396 1982 secundini
406 1862 559 1983 qdutdrdtn¹
576 1863 710 1982 diseno
729 1886 794 1983 ’effe
810 1863 922 2002 ‘'dogit-

240 2001 326 2062 Hanc
347 2004 428 2062 initio
449 2000 680 2063 constitutionem
697 1999 846 2063 confusam
866 2002 920 2061 ha-

237 2079 291 2143 bet
307 2084 338 2144 &
353 2087 512 2157 incertam,
527 2099 560 2141 ut
576 2083 779 2142 tantummodo
792 2081 825 2142 se
838 2098 922 2143 tuea-

239 2179 305 2238 tur,
326 2163 534 2244 qualecumque
554 2164 612 2221 sit:
632 2160 683 2222 sed
704 2183 760 2223 nec
776 2162 847 2243 quid
865 2165 922 2238 sit,

237 2264 293 2314 nec
315 2244 384 2325 quid
408 2245 526 2326 possit,
545 2263 600 2302 nec
622 2242 692 2324 quid
717 2244 805 2324 ipsius
823 2258 922 2305 natura

238 2327 294 2397 sit,
311 2326 453 2407 intelligit.
470 2324 575 2404 Quum
587 2342 684 2383 autem
716 2326 837 2385 rocessit
849 2344 920 2404 pau·

235 2402 323 2476 lirm,
345 2406 378 2463 ὃ(
403 2421 544 2484 quatenus
561 2405 682 2485 quidqui
721 2403 751 2464 se
773 2406 918 2486 attingat,

236 2481 274 2541 ad
289 2480 375 2562 seque
392 2487 535 2561 pertinent
546 2527 556 2556 ,
568 2483 729 2564 perspicere
739 2486 845 2565 coepit,
855 2500 919 2544 tum

233 2561 337 2624 sensim
356 2563 455 2642 incipit
470 2564 635 2643 progredi,
652 2563 767 2646 seseque
782 2563 922 2646 agnosce·

234 2663 288 2718 re,
313 2643 345 2703 &
368 2643 530 2725 intelligere
558 2664 645 2725 quam
664 2646 705 2705 ob
729 2645 844 2705 cansam
866 2645 921 2704 ha·

233 2725 303 2787 beat
322 2744 415 2798 eum,
436 2743 524 2806 quern
549 2723 672 2785 diximus
693 2727 781 2790 animi
804 2727 923 2806 appeti·

232 2822 315 2879 tum3
332 2821 496 2887 coeptatque
514 2804 547 2865 ἃ
564 2826 620 2880 ea,
639 2827 703 2883 quae
722 2821 834 2866 naturae
851 2823 924 2887 apta

231 2885 336 2962 sentit,
356 2903 515 2969 appetere,
530 2887 562 2946 &
577 2885 743 2968 propulsare
763 2888 923 2948 contraria.

231 2962 312 3048 Ergo
337 2971 418 3028 omni
441 2968 555 3028 animali
582 2967 653 3027 illud
676 3013 686 3040 ,
713 2966 795 3048 quod
822 2987 923 3048 appe-

229 3045 290 3122 tit,
317 3052 444 3129 positum
468 3045 509 3110 est
524 3050 626 3123 ineo,
642 3047 722 3133 quod
741 3065 851 3110 natura
878 3045 924 3110 est
