2125 4067
267 499 423 570 LGrn
462 484 695 566 reantur.
750 512 818 590 151

135 630 234 677 tamen
250 611 310 685 est,
321 610 403 696 fungi
413 609 532 687 officio,
546 632 634 695 quum
647 611 678 672 id
693 608 825 672 officium

131 717 189 758 nec
206 699 238 756 in
255 695 342 756 bonis
358 714 527 774 ponamus,
544 694 646 756 necin
662 694 762 754 malis:
781 691 825 753 est

133 780 216 838 enim
229 773 337 856 aliquid
349 775 378 832 in
387 774 430 834 hIs
441 773 526 834 rebus
536 774 705 854 probabile,
716 775 749 834 &
763 776 828 854 qui·

136 856 210 917 dem
223 857 283 927 ita,
302 867 336 912 ut
351 851 413 931 ejus
431 856 505 914 ratio
518 854 602 914 reddi
619 856 730 936 possit:
750 874 827 936 ergo

138 951 172 1007 ut
186 935 275 996 etiam
293 932 481 1014 probabiliter
495 932 549 992 atti
566 937 639 994 ratio
654 934 737 996 reddi
752 955 828 1011 pos-

139 1017 187 1077 sit.
212 1012 263 1075 Est
284 1030 417 1075 auterno
448 1014 518 1072 cium
536 1055 546 1085 ,
567 1014 647 1092 quod
663 1016 704 1073 ita
720 1013 845 1075 fartum·
869 1041 872 1050 ·

137 1094 208 1167 est,
233 1111 266 1154 ut
287 1091 351 1173 ejus
375 1091 403 1152 fa
433 1095 442 1152 i
467 1093 628 1173 probabilis
649 1093 722 1152 tatio
746 1094 831 1155 reddi

136 1178 250 1256 possit:
273 1194 310 1235 ex
328 1194 388 1254 quo
407 1173 603 1256 intelligitur,
624 1170 753 1233 officium
770 1192 833 1235 me·

137 1256 219 1316 dium
236 1254 385 1336 quoddam
403 1251 461 1316 effe
477 1299 486 1328 ,
505 1253 589 1336 quod
612 1272 711 1334 neque
728 1255 759 1312 ln
772 1253 833 1313 bo·

138 1339 182 1395 nis
196 1353 339 1417 ponatur,
348 1354 444 1415 neque
455 1337 485 1395 in
496 1335 663 1401 contrariis:
679 1334 835 1414 qnoniam'·

160 1437 198 1477 ue
215 1417 245 1478 in
260 1417 305 1476 his
319 1416 426 1491 rebus,
443 1436 506 1497 quae
520 1435 618 1498 neque
629 1417 660 1475 in
676 1415 833 1477 virtutibus

139 1437 227 1570 ium,
245 1516 341 1577 neque
354 1497 383 1556 in
394 1497 471 1571 yitiis
482 1541 492 1572 ,
504 1495 547 1574 esi
556 1512 656 1557 tamen
670 1495 832 1578 quiddam,

141 1577 225 1658 quod
243 1575 303 1637 usui
323 1577 416 1658 possit
433 1575 512 1652 elle,
532 1577 698 1638 tollendum
717 1576 748 1637 id
768 1596 834 1637 non

142 1657 194 1720 est.
215 1655 265 1718 Est
281 1674 380 1718 autem
397 1654 459 1737 ejus
478 1659 590 1740 generis
612 1657 687 1718 adio
711 1678 770 1738 quo
793 1677 833 1717 ue

141 1739 297 1820 quaedam,
317 1739 350 1798 &
368 1738 487 1821 quidem
497 1739 581 1812 talis,
597 1755 629 1798 ut
642 1739 716 1798 ratio
729 1678 832 1820 podu-

140 1820 182 1880 let
200 1840 288 1902 agere
307 1819 414 1902 aliquid
434 1820 467 1881 δι
484 1818 582 1882 facere
603 1839 730 1880 eorum:
751 1817 834 1901 quod

139 1917 239 1969 autem
257 1902 370 1961 ratione
390 1900 485 1961 adium
501 1902 561 1974 sit,
581 1899 612 1959 id
626 1899 755 1960 officium
775 1922 833 1980 ap-

141 1982 294 2063 pellamus.
321 1980 371 2042 Est
391 1984 478 2062 igitur
501 1978 629 2042 officium
652 1979 716 2057 ejus
737 1999 838 2060 geneq

140 2064 203 2134 ris,
225 2061 307 2142 quod
323 2081 379 2122 nec
399 2060 530 2122 inbonis
548 2074 675 2141 ponatur
691 2104 702 2134 ,
718 2073 782 2121 ¹nec
803 2063 837 2122 ln

144 2145 306 2201 contrariis.

188 2218 326 2278 XVIII.
352 2217 452 2298 Atque
464 2218 646 2297 perspicuum
664 2220 752 2278 etiam
763 2219 835 2280 illud

145 2297 208 2373 est,
222 2301 252 2358 in
268 2296 325 2358 istis
343 2299 429 2357 rebus
444 2298 548 2356 mediis
564 2298 670 2379 aliquid
687 2319 772 2380 agere
791 2300 838 2362 sa·
912 2365 913 2368 ,

143 2381 297 2463 piantem:
316 2376 426 2458 judicat
444 2380 548 2460 igitur,
566 2399 653 2460 quum
669 2383 746 2463 agit,
763 2381 835 2444 offi-

145 2463 221 2520 cium
243 2460 314 2521 illud
339 2457 397 2521 effe
417 2480 424 2519 :
448 2462 654 2542 quiquoniam
674 2484 835 2546 numquam

144 2541 251 2602 fallitur
268 2543 298 2602 in
315 2538 493 2622 judicando,
512 2546 565 2602 erit
580 2544 610 2619 in
627 2544 729 2605 mediis
744 2547 834 2606 rebus

145 2621 289 2684 officium:
308 2622 389 2703 quod
401 2621 521 2683 efficitur
537 2625 626 2685 etiam
641 2624 695 2685 hac
712 2628 835 2686 conclu·

145 2705 228 2762 sione
254 2704 383 2764 rationis.
419 2703 572 2782 Quoniam
594 2707 672 2764 enlm
698 2705 835 2764 videmus

148 2780 206 2840 'effe
223 2782 382 2861 quiddam,
398 2783 478 2862 quod
492 2783 568 2844 redd
583 2782 689 2845 saltum
703 2785 836 2864 appelle·

148 2880 240 2932 mus,
263 2859 293 2918 id
313 2877 410 2920 autem
433 2861 474 2921 est
490 2862 651 2939 perfeiium
675 2862 801 2922 officium
821 2881 831 2934 ;

140 2942 205 3009 fierit
223 2956 324 3004 autem
341 2942 429 3004 etiam
447 2941 614 3005 inchoatum
625 2958 704 3082 :etp
720 2944 743 3003 si
761 2940 834 3028 juste

681 3042 712 3084 av
