2125 4067
310 481 475 550 Ltuun·
502 488 743 564 outnrus‘.
792 497 863 549 221

187 593 245 667 sis,
264 590 294 652 in
312 615 348 654 co
364 613 583 675 nonnumquam
598 593 702 653 variari
721 594 797 653 inter
817 604 871 651 eot

149 697 153 704 ·
187 675 218 732 δι
240 673 363 733 dubitati
381 674 515 736 videtur:
539 673 620 754 quod
640 672 764 741 maxime
781 669 896 733 efficit.

184 751 382 833 Theophrasti
403 753 440 814 de
463 753 549 816 beata
568 755 630 813 vita
646 752 738 824 liber,
756 755 787 812 in
808 770 871 832 quo

184 834 314 892 multum
339 833 496 895 admodum
516 831 638 892 fortunae
661 832 761 892 datur:
777 830 870 912 ‚quod

189 913 215 968 si
233 913 272 970 ita
288 910 317 970 se
333 911 438 972 habeat
455 955 466 984 ‚
483 932 543 971 non
558 913 649 991 possit
663 911 784 972 beatam·
819 926 873 971 rae·

190 989 267 1050 llare
290 993 381 1051 vitam
395 990 543 1071 sapientia.
571 989 644 1049 Haec
666 991 735 1050 milii
758 993 785 1050 v'
809 1009 874 1052 etus

190 1070 363 1144 delicatior,
381 1087 413 1131 ut
423 1074 462 1131 ita
474 1070 588 1144 dicam,
602 1069 774 1149 molliorque
783 1073 873 1144 catio,

189 1149 278 1230 quim
310 1153 425 1212 virtutis
447 1151 492 1211 vis
537 1148 698 1230 ravitalque
727 1147 876 1228 postulat:

190 1250 280 1310 quare
293 1245 444 1291 teneamus
455 1171 663 1302 Aridotelem
675 1227 777 1305 &ejus
789 1226 878 1287 filium

189 1309 400 1370 Nicomachum
424 1331 433 1384 ;
460 1307 542 1389 cujus
568 1309 700 1369 accurati
724 1308 818 1387 scripti
841 1307 878 1371 de

191 1389 322 1449 moribus
350 1390 413 1449 libri
445 1391 577 1450 dicuntur
604 1389 644 1449 illi
670 1389 789 1469 quidem
821 1385 879 1449 elle

192 1468 378 1542 Aristotelis3
395 1468 444 1530 sed
463 1491 522 1533 non
539 1469 651 1542 video,
669 1490 719 1529 cur
735 1490 797 1528 non
820 1489 880 1547 po·

193 1551 282 1608 tuerit
300 1551 375 1629 patri
391 1549 488 1609 similis
507 1547 563 1610 elle
579 1548 664 1610 filius.
685 1547 878 1629 Theophras·

193 1648 258 1688 tuns
273 1645 371 1689 tamen
382 1629 567 1690 adhibeamus
577 1629 612 1688 ad
624 1629 760 1711 pleraque
773 1629 882 1702 ,dum-

193 1707 287 1768 modo
299 1710 361 1788 plus
376 1711 404 1768 in
416 1712 521 1770 virtute
534 1727 704 1781 teneamus,
721 1709 809 1789 quim
828 1709 877 1771 ille

195 1789 288 1848 tenuit
302 1835 312 1861 ,
325 1787 464 1849 firmitatis
485 1791 517 1851 δι
536 1791 662 1853 robosis.
867 1854 870 1859 ,

187 1931 190 1937 ,
240 1886 286 1946 ¹3·
312 1868 405 1929 Simus
422 1873 506 1952 igitur
518 1873 649 1930 contenti
666 1869 731 1928 his:
752 1888 879 1948 namque

194 1947 300 2007 horum
317 1948 441 2028 posteri,
456 1951 594 2019 meliores
610 1950 655 2007 illi
684 1948 781 2008 uidem
793 1993 803 2021 ,
814 1950 883 2009 med

195 2025 351 2101 sententia,
365 2028 453 2108 qulam
471 2029 644 2108 reliquarum
657 1969 821 2106 tllsilosophi
832 2026 886 2098 dit-

197 2106 366 2184 ciplinarum
385 2129 395 2180 ;
419 2106 469 2168 sed
491 2110 531 2167 ita
549 2108 727 2188 degenerant
747 2125 803 2180 ,ut
829 2106 885 2185 ipsi

199 2205 238 2244 ex
257 2184 285 2243 se
303 2189 362 2244 nati
379 2185 437 2247 elle
452 2187 615 2248 videantur.
637 2186 763 2246 Primum
780 2183 886 2245 Theo-

200 2261 308 2344 phrasti
332 2263 458 2338 Strato,
482 2266 638 2346 physicum
659 2264 687 2324 se
709 2265 802 2325 voluit
822 2284 832 2336 ;
856 2267 886 2337 in

200 2365 262 2424 quo
281 2346 335 2404 etsi
354 2348 394 2405 est
412 2364 555 2426 magnus,
574 2363 672 2404 tamen
690 2365 768 2405 nova
787 2344 886 2426 plera·

200 2444 279 2505 que,
298 2423 330 2484 &
347 2444 492 2506 perpauca
508 2426 545 2486 de
561 2427 700 2486 moribus.
716 2424 811 2505 Hujus
821 2425 886 2516 Ly-

201 2526 237 2564 co
254 2550 265 2579 ‚
284 2507 417 2566 oratione
441 2505 597 2586 locuples,
621 2508 707 2568 rebus
724 2510 792 2588 ipsis
810 2505 887 2597 jeju·

200 2585 276 2645 nior.
301 2583 469 2647 Continuus
489 2587 595 2648 deinde
614 2587 780 2671 &elegans
798 2588 885 2667 hulus

199 2663 299 2725 Aristo
312 2685 321 2739 ;
340 2665 389 2725 sed
405 2687 461 2738 ea,
476 2689 539 2746 quae
556 2668 761 2728 desideratura
775 2688 823 2727 ma
845 2686 886 2728 no

200 2744 399 2825 philosopho,
416 2750 541 2824 gravitas
557 2751 588 2806 in
605 2767 643 2807 eo
659 2769 719 2807 non
734 2745 806 2805 fuit:
819 2687 888 2804 {ri-

202 2839 255 2904 pta
277 2821 342 2881 saud
366 2823 399 2881 δι
421 2824 511 2881 multa
529 2825 561 2883 &
579 2825 670 2903 polita
688 2846 698 2897 ·,
719 2823 887 2887 sednescio

202 2923 266 2986 quo
283 2900 367 2980 pallo
387 2901 585 2960 aulloritatem
605 2906 699 2962 oratio
714 2901 889 2967 nonhabet.

197 3045 200 3049 .
251 3001 297 3059 14.
320 2978 467 3046 Praetereo
494 2980 624 3058 multos,
646 2983 676 3044 in
699 2981 888 3126 iniussum

757 3084 787 3145 u]
874 3108 877 3115 -
