2125 4067
242 502 320 581 252
372 487 471 565 ,Da
512 480 768 556 rruruuu'

239 600 382 682 luptarem
396 603 594 683 requirentes,
611 620 666 662 nec
683 599 828 682 fugientes
842 598 929 669 labo-⁴,

241 700 328 745 rem:
354 701 406 741 nec
429 683 504 743 vero
519 684 710 742 intermittunt
730 696 778 740 aut
799 681 928 741 admira·

243 763 355 821 tionem
372 781 470 821 earum
491 764 610 834 rerum,
632 782 696 841 quae
713 759 776 820 sunt
793 761 830 821 ab
851 763 926 821 anti·

243 843 307 921 quis
321 858 466 922 repertae‚
485 858 538 902 'aut
553 840 806 922 investigationem
827 862 925 902 nova·

241 942 329 981 rum-t
360 943 419 1002 quo
441 919 535 983 studio
556 942 644 1002 quum
664 922 756 981 satiari
775 940 836 980 non
877 920 925 983 os·

241 1001 330 1075 suut,
351 1003 482 1062 omnium
511 1018 670 1062 ceterarum
697 1019 795 1061 rerum
817 943 923 1075 obiti,

242 1083 313 1145 nihil
334 1080 504 1161 abjefflm,
531 1083 601 1141 uihil
627 1081 735 1144 humile
763 1082 922 1162 cogitant:

242 1179 379 1243 tantaque
397 1162 437 1223 est
457 1164 500 1222 vis
516 1162 619 1221 talibus
640 1158 785 1234 injstudiis
799 1203 809 1233 ,
823 1178 855 1220 ut
873 1179 924 1222 eoo

243 1245 355 1317 etiam,
375 1247 426 1324 qui
442 1243 494 1303 sibi
521 1244 593 1302 alios
620 1240 834 1322 proposuerunt
853 1239 923 1301 finen

243 1323 391 1384 bonorum
412 1368 424 1396 ,
456 1343 531 1403 quos
555 1323 676 1382 utilitate
703 1337 752 1381 aut
772 1321 923 1401 voluptate

242 1404 297 1465 diri
318 1421 390 1477 unt,
406 1405 546 1465 tamenin
561 1402 647 1463 rebus
660 1401 821 1483 quaerendis
836 1401 924 1481 expli·

241 1424 394 1565 canffiisque
412 1485 517 1547 naturis
536 1499 634 1544 aetates
654 1499 809 1544 conterere
821 1481 924 1545 videa·

241 1584 379 1706 muisin.
401 1644 481 1728 Ergo
498 1645 557 1707 hoc
576 1644 694 1728 quidem
712 1659 856 1727 apparet,
869 1612 922 1705 uus¹

242 1726 281 1787 ad
302 1727 447 1809 agendum
467 1726 523 1788 effe
542 1744 648 1787 natos:
667 1725 812 1788 aiiionum
826 1741 923 1785 autem

242 1826 350 1889 genera
371 1808 452 1888 plura
466 1854 475 1881 ,
487 1823 529 1867 -ut
549 1807 735 1868 obscurentur
755 1808 844 1867 etiam
867 1806 923 1864 mi·

242 1909 316 1967 uota
339 1886 523 1967 majoribus:
551 1891 683 1949 maximae
707 1903 805 1947 autem
831 1885 922 1958 sum,

242 1969 389 2049 primum,
404 1986 436 2028 ut
453 1969 522 2029 mihi
541 1969 660 2050 quidem
672 1966 810 2039 videtur,
825 1967 857 2027 &
868 1967 923 2040 iis,

243 2069 368 2130 quorum
390 2071 466 2110 nunc
485 2052 513 2109 in
531 2052 644 2109 ratione
659 2047 825 2120 versamur,
850 2066 922 2106 con·

242 2131 379 2191 sideratio
407 2132 595 2211 cognitioque
619 2149 715 2189 rerum
736 2125 923 2200 coelestium,

243 2209 276 2269 δι
305 2230 402 2270 earum
416 2254 429 2281 ,
456 2231 525 2290 quas
551 2232 567 2269 a
588 2227 689 2269 natura
711 2205 924 2283 occultatas&

242 2287 366 2351 latentes
397 2291 533 2372 indagare
560 2291 633 2350 ratio
660 2287 756 2370 potest
780 2308 788 2347 ε
816 2286 922 2347 deinde
970 2302 972 2307 ·

241 2373 517 2450 rerumpublicarum
530 2369 756 2442 administratio,
771 2384 821 2428 aut
832 2367 920 2427 admi·

242 2448 377 2509 nistrandi
404 2453 538 2522 scientim
556 2469 617 2510 tum
639 2451 789 2530 prudens,
807 2463 921 2525 tempeq

240 2545 326 2601 rata,
346 2530 451 2603 form,
477 2533 509 2589 ὃ(
536 2528 607 2607 justa
628 2533 729 2604 ratio,
748 2530 922 2608 reliquaeque

241 2610 362 2688 virtutes
376 2654 385 2684 ‚
401 2611 433 2669 &
448 2610 574 2670 aiiiones
588 2612 741 2671 virtutibus
759 2627 922 2690 congruena.

221 2765 222 2768 Ἴ
240 2707 286 2767 aes
306 2712 315 2764 3
345 2712 407 2772 quae
428 2713 487 2751 uuo
506 2694 601 2752 verbo
624 2692 770 2772 complexi
794 2690 921 2762 omnia,

239 2773 346 2851 honesta
364 2772 482 2832 dicimus
494 2793 508 2845 ;.
524 2773 561 2831 ad
578 2793 701 2853 quorum
716 2774 805 2834 etiam
821 2770 922 2851 cogni·

238 2855 350 2913 tionem
370 2853 402 2913 ὃ(
424 2853 504 2913 usum
519 2850 578 2930 jam
599 2854 803 2926 corroborati,
821 2850 924 2911 naturai

237 2932 296 3012 ipsi
314 2951 461 3015 praeeunte
484 2933 664 2994 deducimur.
680 2932 825 2995 Omnium
844 2931 924 2992 enim

235 3029 332 3075 rerum
351 3018 490 3098 principia
506 3034 598 3095 parva
615 3013 678 3077 suut
690 3058 705 3088 ,
716 3014 766 3077 sed
784 3013 840 3076 suis
852 3032 923 3093 pro«,
