2125 4067
264 571 344 654 '174
435 558 511 629 Dr
544 571 784 627 rrrrrror

258 671 360 756 ,jandin
378 668 435 733 eise
451 671 603 743 dicerent;
618 691 675 750 qua
691 687 729 730 ex
744 668 833 751 stirpe
844 671 952 732 oriren-

256 771 311 815 ,tur
331 755 463 831 amicitiae
481 754 714 836 cognationum:
738 770 828 832 atque
850 752 888 811 ab
912 752 952 811 his

257 835 349 895 initiis
365 832 490 915 profedi
507 879 517 907 ,
535 833 666 894 omnium
683 831 826 893 virtutum
843 831 876 892 δι
897 835 951 892 ori·

263 915 363 997 ginem
391 915 423 974 &
447 915 682 997 progressionem
704 911 847 992 persecuti
869 910 949 971 sunt:

256 1015 302 1056 ex
321 1015 379 1076 quo
397 996 567 1077 magnitudo
586 1009 704 1074 quoque
725 994 815 1053 animi
834 989 951 1052 exsiste·

255 1076 336 1149 zirac,
354 1075 411 1156 qui
424 1075 506 1136 facile
523 1071 615 1156 poffet
630 1075 784 1155 repugnari
798 1070 951 1152 obsistique

262 1155 388 1217 fortunar
407 1201 416 1226 ‚
434 1155 512 1236 quod
531 1155 663 1214 maxima
678 1171 724 1211 res
739 1149 833 1213 ess'ent
851 1154 881 1213 in
897 1173 950 1232 po-

263 1235 367 1297 testate
388 1234 545 1315 sapientis:
569 1236 724 1293 varietates
753 1249 856 1294 autem
880 1230 951 1306 iuiu-

262 1315 373 1396 riasque
388 1313 512 1375 fortunae
522 1312 605 1373 facile
617 1330 751 1373 veterum
768 1310 950 1395 philosopho·

264 1416 329 1458 rum
346 1396 497 1473 praecepris
512 1391 635 1453 instituta
652 1395 713 1454 vita
728 1391 921 1475 superabant

309 1473 356 1534 18.
376 1471 522 1553 Principiis
538 1492 635 1532 autem
649 1494 666 1531 a
679 1489 779 1533 natura
789 1472 866 1532 datis
876 1519 885 1547 ,
894 1493 950 1533 am·

254 1553 419 1636 ‹plitudines
459 1553 570 1613 uaedam
586 1556 732 1613 bonorum
743 1554 949 1626 excitabantur,

262 1638 368 1716 partim
389 1575 526 1714 proiediae
545 1657 562 1694 a
584 1634 837 1712 contemplatione
859 1653 947 1697 rerum

264 1715 477 1786 occultiorum,
495 1715 575 1795 quod
595 1731 655 1774 erat
671 1716 772 1773 insitus
791 1717 885 1776 menti
901 1733 948 1774 co·

262 1797 399 1877 guirionis
412 1815 515 1866 amor,
534 1815 570 1855 ex
585 1815 644 1872 quo
662 1795 749 1854 etiam
766 1796 889 1856 rationis
901 1814 948 1854 ex·

132 1895 135 1902 ’
260 1875 432 1957 plicandae,
456 1872 665 1955 differendique
688 1873 831 1954 cupiditas
851 1873 948 1937 conse·

263 1958 425 2040 quebatur3
444 1955 581 2037 quddque
598 1956 655 2015 hoc
672 1953 765 2050 solum
783 1954 948 2051 animalna·

261 2035 948 2199 {inrisit}&induitintuit

261 2198 451 2271 societatum,
466 2196 754 2277 animadvertensque
771 2199 802 2258 in
816 2195 948 2259 omnibus

254 2282 350 2353 ¹rebus
368 2326 378 2354 ,
402 2301 472 2361 quas
493 2297 592 2374 ageret
609 2293 657 2338 aut
675 2278 807 2351 diceret,
826 2298 866 2339 ne
884 2273 949 2360 quid

261 2359 300 2418 ab
317 2379 355 2420 eo
373 2359 476 2430 fieret,
497 2363 551 2418 nrsi
571 2356 690 2419 honeste
710 2359 743 2416 &
761 2358 890 2419 decoret
908 2356 948 2417 his

261 2437 348 2495 initiis
364 2481 373 2509 ,
389 2457 420 2497 ut
439 2439 505 2499 ante
523 2440 579 2497 dixi
591 2483 600 2510 ,
612 2457 757 2518 tamquam
776 2437 947 2511 seminibus,

258 2537 280 2574 a
300 2533 401 2575 natura
424 2518 524 2589 datis,
544 2521 761 2598 temperantia,
783 2517 947 2590 modestia,

256 2592 385 2741 {lqstitiaii
406 2597 438 2658 δι
452 2599 552 2657 ,omnis
572 2596 706 2660 honestas
718 2596 851 2683 petie&
870 2596 948 2660 abso·

293 2697 355 2738 rae
382 2721 389 2737 .
510 2704 513 2709 >

303 2757 404 2822 vlit.
418 2759 540 2831 Habes,
558 2759 694 2837 inquam,
709 2756 808 2831 Cato,
823 2756 947 2819 formam
962 2770 965 2779 ·

169 2913 172 2920 ¹
257 2860 392 2915 eorum,
415 2841 455 2905 de
480 2840 582 2921 quibus
598 2837 731 2920 loquor,
758 2838 947 2921 philosopho·

256 2942 341 2985 rum:
358 2922 415 3006 qui
436 2919 569 3003 expositi
585 2919 655 2981 scire
674 2922 782 3000 cupio,
799 2940 866 3000 quae
883 2938 947 3012 cau·

255 2999 289 3060 sa
307 3004 364 3074 sit,
384 3024 432 3062 cur
448 3004 530 3067 Zeno
546 3000 582 3061 ab
594 3001 647 3059 hac
659 3003 775 3080 antiqua
792 2999 947 3062 institutio·

256 3097 299 3141 rte
315 3081 466 3145 desciverit
475 3102 486 3156 ;
507 3081 645 3164 quidnam
658 3081 764 3144 horum
775 3080 818 3143 ab
826 3082 871 3146 ¹eu
888 3095 946 3142 noa
