2125 4067
279 489 431 562 'Lrurn
458 503 700 574 Qurrrrur.
751 500 825 580 505

141 617 282 687 ¹oportet:
296 604 346 666 illa
357 624 406 664 me
420 603 537 663 minime
550 621 692 677 movent,
709 623 769 662 non
783 600 831 672 so·

143 687 207 745 lum
227 688 292 767 quia
310 684 479 765 pervulgata
489 681 572 754 sunt,
589 684 637 745 sed
655 683 747 743 multu
764 698 830 743 rna-¹·

137 767 213 846 gis,
236 768 489 844 quia‚xramquam
510 763 586 822 levia
606 763 737 843 quaedam
756 765 826 824 vina

139 845 213 904 nihil
227 847 326 905 valent
340 846 369 902 in
377 864 468 922 aqua,
480 844 519 900 sic
528 840 694 902 Stoicorum
703 842 754 902 ista
765 865 833 903 ma·.

132 925 185 1005 gis
206 922 315 1005 gustata
334 924 421 1002 quim
440 938 543 1002 potata
562 921 712 983 deletum
731 922 824 984 Velut

139 1003 193 1063 iste
211 1005 316 1064 chorus
332 1005 490 1075 virtutum,
509 1003 540 1060 in
555 1004 709 1081 equuleum
727 1003 830 1082 impo··

137 1085 228 1157 situs,
242 1084 382 1165 imagines
395 1081 540 1145 constituit
552 1099 618 1142 ante
638 1082 741 1143 oculos
758 1102 829 1143 cum·

139 1165 315 1244 amplissima
326 1164 465 1246 dignitate
476 1183 485 1232 ς
498 1180 528 1220 ut
536 1162 573 1220 ad
587 1182 635 1222 eas
646 1163 748 1222 cursim
759 1181 827 1242 per·

90 1284 92 1288 Α
135 1243 272 1318 τεέὶυτα,
291 1264 350 1304 nec
367 1264 416 1304 eas
432 1245 518 1304 beata
542 1243 601 1302 vita
618 1264 635 1301 a
653 1241 682 1302 se
702 1241 826 1302 desertas

139 1321 249 1417 pallura
265 1324 416 1384 videatur:
450 1345 518 1382 uum
532 1343 630 1382 autem
641 1324 770 1383 animum
786 1321 826 1381 ab·

135 1402 190 1462 asta
199 1403 306 1484 pidum
321 1345 544 1484 imagindrusque
555 1405 694 1463 virtutum
706 1401 743 1462 ad
759 1423 824 1463 rem

137 1487 350 1565 veritatemque
366 1483 546 1555 traduxerim
567 1484 624 1543 hoc
640 1484 751 1543 nudum
771 1503 824 1542 re-

136 1562 287 1645 linquitur,
299 1567 428 1643 poss'une
446 1567 508 1644 quis
518 1565 619 1624 beatus
637 1562 693 1624 effe
706 1584 823 1644 ,quaru-

131 1643 188 1703 diu
208 1662 255 1703 tor
275 1660 386 1704 ueatur.
813 1668 817 1675 ·

183 1743 229 1797 ¹4·
251 1665 455 1804 Quamobrem
471 1722 529 1782 hoc
545 1744 622 1784 nunc
638 1744 820 1804 quaeramusa

133 1805 258 1865 virtutes
275 1821 371 1865 autem
388 1804 449 1879 noli
464 1806 558 1864 vereri
574 1824 611 1864 ne
635 1804 818 1887 expostulent

136 1885 168 1945 &
187 1903 340 1966 querantur
356 1883 384 1945 se
402 1907 419 1943 a
434 1883 518 1944 beata
535 1887 595 1944 vira
619 1881 675 1945 effe
698 1884 818 1946 relidas.

136 1963 168 2025 si
185 1967 262 2026 enim
272 1964 350 2025 nulla
362 1967 450 2024 virtus
464 1964 618 2043 prudentii
629 1982 713 2023 vacat
724 2009 733 2036 ‚
746 1984 818 2043 pru·

135 2045 234 2115 dentia
250 2044 309 2126 ipsa
326 2045 384 2103 hoc
405 2044 505 2114 videt,
524 2064 585 2102 non
601 2063 704 2103 omnes
724 2045 818 2103 bonos

134 2123 192 2185 effe
206 2126 294 2185 etiam
305 2125 427 2194 beatos3
441 2123 589 2202 multaque
603 2124 640 2183 de
650 2124 693 2182 M.
704 2122 817 2198 Atilio,

134 2204 179 2284 Q.
202 2203 374 2283 Cepione,
398 2203 452 2262 Μ’.
474 2201 594 2282 Aquilio
619 2202 816 2275 recordatur3

132 2285 307 2364 beatamque
324 2285 433 2357 vitam,
445 2283 468 2340 si
481 2283 651 2364 imaginibus
665 2285 761 2362 potius
775 2284 816 2343 uti

131 2364 221 2446 quim
238 2366 322 2426 rebus
337 2365 404 2444 ipsis
417 2364 530 2444 placet,
551 2381 707 2428 conantem
724 2364 765 2422 ire
784 2363 815 2424 in

130 2445 288 2527 equuleum
300 2448 405 2505 retinet
415 2443 472 2524 ipsa
485 2443 654 2523 prudentia,
671 2462 815 2525 negatque

130 2529 161 2587 ei
178 2547 242 2585 cum
262 2526 364 2587 dolote
385 2526 417 2586 &
434 2526 563 2613 muriam
578 2522 813 2609 quidquam.effe

129 2624 296 2667 comumne.
458 2620 460 2626 ’
763 2653 765 2657 .

129 2716 133 2721 ·
172 2685 240 2745 Vl.
266 2685 310 2744 M.
337 2686 581 2764 Facileputior,
610 2702 641 2744 te
664 2682 718 2744 isto
743 2705 812 2744 mo·

127 2766 173 2826 do
196 2785 281 2847 agere
304 2785 311 2823 :
336 2767 389 2822 etsi
414 2765 542 2842 iniquum
564 2761 604 2821 est
629 2763 811 2842 praescribere

126 2846 209 2908 mihi
223 2865 275 2918 te,
299 2842 544 2923 quemadmodum
567 2862 584 2900 a
605 2862 652 2900 me
677 2841 813 2921 disputari

125 2926 214 2987 velis.
236 2924 294 2985 Sed
308 2924 529 3004 quaer0,utrl1m
543 2920 647 3000 aliquid
660 2921 753 2982 allum
766 2921 813 2983 su·

124 3007 289 3095 perioribus
312 3003 413 3064 diebus
432 3048 444 3078 ,
465 3023 502 3083 an
520 3001 591 3064 nihil
604 3002 811 3072 arbitremur?

171 3090 197 3151 T
194 3107 271 3150 01111ίὸ
289 3091 320 3150 V
318 3085 359 3154 H
360 3085 387 3148 1ο
676 3082 707 3152 Y¹
