2125 4067
244 499 402 569 Ltaun
442 515 687 586 Quantus.
737 517 815 595 45¹

129 610 173 673 'de
187 614 274 672 animi
292 615 554 694 perturbationibus
571 614 734 697 disputant,
751 639 822 678 ma·

129 713 218 775 gnam
245 712 357 773 partem
383 695 413 753 'm
437 696 479 754 his
501 697 656 776 partiendis
678 698 710 758 dt
739 696 819 758 defi·

128 774 246 833 niendis
261 776 397 852 occupati
416 773 501 834 sunt:
517 778 566 835 illa
585 797 686 837 eorum
702 781 819 858 perexi-

128 873 188 936 gua
215 857 309 912 oratio
325 851 390 925 est,
414 857 471 936 qui
494 857 665 916 medeantur
687 861 788 918 animis
806 902 822 930 ,

128 955 186 994 nec
209 953 261 993 eos
281 933 463 994 turbulentos
487 933 544 995 else
567 940 720 1016 patiantur.
735 935 820 998 Peri-

129 1016 248 1096 patetici
260 1033 359 1073 aurem
376 1014 413 1073 ad
428 1016 586 1097 placandos
601 1018 713 1077 animos
728 1018 822 1079 multe

130 1092 275 1166 efferunt3
305 1093 397 1175 spinas
427 1096 569 1176 partiendi
600 1097 632 1157 &
661 1095 818 1158 definiendi

131 1177 363 1257 praetermittunt.
382 1173 564 1252 Quaerebam
587 1179 701 1259 igitur,
724 1179 820 1237 utrum

131 1255 293 1338 panderem
314 1255 381 1314 vela
398 1259 538 1316 orationis
559 1255 652 1317 liarim
669 1302 681 1331 ,
699 1278 735 1316 an
754 1277 823 1318 eam-

132 1336 199 1396 ante
217 1333 364 1416 paululum
387 1335 605 1397 dialeilicotum
630 1339 717 1398 remis
746 1359 823 1418 pro·

173 1415 285 1476 llerem.
306 1415 348 1476 A.
364 1413 421 1478 Isto
442 1418 536 1478 modo
552 1418 649 1478 veru:
672 1419 725 1477 etit
739 1421 820 1479 enim

131 1436 190 1556 lde
204 1512 318 1567 toturn,
354 1497 414 1556 uod
448 1519 526 1557 uaero
540 1540 550 1566 ‚
565 1517 602 1557 ex
616 1515 740 1578 utroque
753 1517 821 1578 per·

132 1574 253 1637 sedium.
280 1575 325 1636 M.
372 1573 394 1634 st
420 1520 449 1636 il
476 1577 596 1657 quidem
623 1577 744 1650 reilius3
768 1576 819 1640 sed

131 1655 198 1739 post
223 1658 379 1736 requires,
408 1657 431 1714 si
455 1655 635 1737 quidfuerit
662 1656 819 1720 obscurius.

132 1736 174 1798 A.
189 1735 302 1795 Faciam
318 1735 471 1815 equidem:
489 1755 654 1810 tutamen,
674 1754 706 1797 ut
721 1737 795 1799 soles
807 1783 824 1813 ,.

134 1817 213 1876 dices
240 1814 291 1874 illa
323 1813 380 1892 ipsa
410 1815 530 1879 obscura
576 1818 696 1889 lanius,
727 1817 816 1897 quim

134 1894 266 1956 dicuntur
290 1915 305 1953 a
328 1892 448 1956 Graecis.
469 1895 514 1956 M.
581 1897 635 1956 itar
655 1897 824 1977 equidem

133 1974 183 2037 sed
204 1976 317 2036 intento
339 1994 412 2053 opus
433 1973 474 2034 est
502 1977 629 2048 animo,
659 1996 696 2035 ne
717 1975 818 2035 omnia

134 2055 321 2124 dilabantur,
345 2058 368 2112 si
389 2074 479 2113 unum
499 2055 616 2134 aliquod
635 2053 776 2136 effugerit.

135 2156 154 2179 ·-
177 2154 225 2197 ιο.
239 2135 412 2214 Quoniam,
427 2133 597 2213 quae'Graeci
610 2140 677 2198 πάθη
690 2145 823 2208 vocant,'

134 2216 220 2276 uobis
237 2216 455 2296 perturbationes
480 2215 619 2294 appellari
639 2215 730 2294 magis
755 2213 839 2294 pla·¹

134 2314 205 2368 tet,
223 2296 311 2376 quim
325 2295 430 2354 morbos
442 2314 451 2367 ;
470 2296 497 2351 in
512 2294 556 2352 his
575 2293 751 2372 explicandis
765 2314 839 2355 ite·x

135 2392 227 2438 terem
241 2376 319 2434 illam
333 2373 468 2453 equidem
483 2373 657 2455 Pythagorae
673 2375 797 2454 primum
806 2420 823 2449 ‚.

135 2456 243 2518 deinde
257 2455 384 2516 Platonis
397 2453 620 2535 descriptionem
630 2453 750 2535 sequar,
767 2455 818 2536 qui

136 2540 263 2599 animum
282 2539 310 2594 in
329 2536 401 2595 duas
417 2553 513 2616 partes
530 2536 684 2609 dividunt3
699 2536 820 2601 alteram

136 2620 255 2678 tationis
266 2618 434 2696 participem
447 2616 574 2690 faciunt,
587 2617 705 2676 alteram
717 2636 821 2696 exper-

134 2713 226 2758 tem:
249 2699 278 2755 itt
304 2699 443 2775 participe
459 2700 577 2757 rationis
604 2713 716 2776 ponunt
739 2712 822 2754 tran·

136 2778 330 2860 quillitatetn,
350 2776 379 2835 id
396 2774 459 2847 etl,
477 2775 618 2856 placidam
636 2778 760 2855 quietam
801 2792 821 2835 e

135 2857 328 2918 constantiam
349 2874 361 2925 ξ,
394 2855 423 2913 ln
440 2854 489 2914 illa
508 2855 595 2914 altera
615 2872 713 2914 motus
727 2870 773 2913 tut
793 2855 821 2913 i·

137 2938 219 3010 dos,
237 2954 299 2996 tum
321 2937 394 3006 irre,
417 2953 478 2994 tum
495 2934 678 3014 cupiditatis,
702 2950 821 2993 contra·

136 3020 198 3081 rios
226 3013 415 3097 inimicosque
441 3016 558 3080 rationi.
590 3013 633 3078 Sit
662 3016 746 3099 igitur
772 3015 821 3077 hir
