2125 4067
283 515 440 584 errrr
469 524 748 582 srevuuus.
793 527 864 607 103

183 631 262 694 Huic
278 628 419 712 Epicurus
437 643 590 707 comparet
601 623 632 686 se
640 668 652 697 ‚
666 627 689 685 si
702 620 818 706 potest:

185 753 231 802 cui
245 749 353 820 viperino
372 745 448 816 morsu
464 766 528 799 rene
542 746 655 817 viscerum

188 844 289 899 Veneno
301 841 396 915 limbum
410 855 483 890 tetros
498 841 614 892 cruciarus
628 834 699 891 cient.

233 967 283 1030 95.
310 947 353 1009 Sit
370 947 512 1030 Epicurus
527 945 703 1010 Philodeta:
726 947 759 1008 Si
779 945 873 1028 gravis

187 1032 289 1104 dolor,
307 1031 406 1090 brevis.
425 1027 469 1088 At
482 1024 542 1104 jam
560 1027 705 1099 decimum
721 1047 826 1086 annunt
841 1029 873 1086 irr

184 1110 323 1192 spelunca
341 1109 430 1190 jacet.
449 1110 484 1169 Si
501 1108 621 1190 loripes,
635 1109 719 1170 levis:
733 1107 780 1166 dat
796 1106 876 1166 enirn

184 1192 340 1253 intervalla
359 1192 392 1252 δι
413 1189 532 1250 relaxat.
558 1186 688 1248 Primum
704 1206 765 1246 non
782 1184 877 1264 sepe:

181 1271 297 1335 *deindo
320 1292 385 1354 quae
406 1269 447 1331 est
467 1271 518 1330 ista
542 1270 712 1338 relaxatio,
735 1284 824 1348 quum
844 1264 879 1324 δι

187 1352 456 1434 prateriti'doloris
477 1352 623 1413 memoria
642 1367 744 1410 recens
763 1343 825 1418 est3
844 1345 880 1407 δι

188 1431 278 1492 futuri
300 1449 386 1514 atque
406 1431 603 1511 impendentis
623 1444 742 1510 torquet
757 1423 881 1488 timori

191 1511 365 1585 Moriatur,
384 1513 486 1593 inquit.
507 1507 637 1572 Fortasse
658 1511 688 1571 id
709 1509 854 1590 optimum
866 1515 883 1580 ‚¹

189 1591 241 1651 sed
259 1593 308 1652 ubi
327 1591 417 1663 illud,
441 1593 511 1653 Plus
525 1591 633 1674 semper
653 1586 829 1671 voluptatis?
852 1589 877 1647 si

183 1673 270 1732 eninr
281 1675 320 1731 ita
334 1673 374 1734 est
383 1693 393 1746 3
403 1673 490 1745 vide,
504 1693 542 1734 ne
553 1671 662 1733 facinus
674 1672 776 1744 facias,
785 1688 878 1750 quum

187 1755 268 1813 mori
290 1751 417 1813 suadeas.
438 1752 540 1813 Potius
560 1772 591 1814 er
613 1775 632 1812 o
656 1753 703 1812 ilia
722 1751 880 1824 dicantur,

189 1849 276 1913 turpe
287 1831 362 1907 csse,
375 1834 430 1894 viri
445 1854 507 1893 non
518 1831 576 1894 effe
588 1774 729 1894 debilitari
751 1830 879 1901 dolore,

188 1912 308 2008 frangi,
327 1913 525 1974 succumbere.
546 1913 625 1973 Nam
640 1912 691 1973 ista
707 1910 823 1985 vestra,
845 1911 881 1968 Si

186 1995 446 2075 gravrs‘,drrr1is,·
469 1997 495 2052 si
516 1995 634 2074 longus,
655 1993 753 2062 levis,
775 1988 881 2050 disseca

169 2073 264 2133 sunt.
284 2072 437 2145 Virtutis,
459 2074 664 2154 magnitudinis
686 2072 799 2144 animi,
823 2091 881 2150 pa-

189 2154 326 2291 tientiptl,
342 2153 519 2213 fortitudinis
538 2152 677 2214 fomentis
693 2153 781 2213 dolor
800 2151 883 2220 mitiff

216 2253 256 2290 arr
284 2254 302 2290 o
315 2249 355 2292 et.

193 2252 214 2314 g
233 2309 344 2370 XXX.
365 2309 469 2385 Audi,
492 2330 530 2371 ne
549 2311 636 2394 longe
660 2313 790 2386 abeam,
810 2319 883 2374 tno-‘

189 2393 267 2452 riens
291 2392 360 2483 quid
386 2391 463 2452 dicat
482 2391 648 2472 Epicurus3
673 2394 705 2454 &
727 2393 881 2476 intellige,

143 2552 145 2556 ,
188 2471 264 2533 faeie
287 2493 349 2551 epus
368 2492 435 2533 cum
452 2472 531 2532 dietis
557 2473 726 2556 discrepare.
750 2473 880 2536 Erico·

188 2570 256 2614 Rus
275 2554 478 2614 HERMACHO
498 2553 529 2614 S.
549 2561 639 2637 Quum
657 2573 818 2639 ageremur,
836 2558 882 2614 in·

190 2637 278 2714 quit,
306 2638 370 2695 viee
397 2636 503 2694 beatum
533 2637 561 2696 G*
587 2639 705 2697 eumdem
722 2637 879 2716 supremum

191 2716 283 2784 diem,
297 2715 480 2792 scribebamus
498 2716 574 2776 hac:
593 2719 665 2776 ranei
687 2735 776 2774 autem
795 2716 881 2774 morbi

194 2797 310 2852 aderent
323 2795 419 2852 verice
433 2796 460 2852 6·
474 2797 625 2873 viscerum,
641 2814 672 2855 ut
689 2797 760 2853 nihil
774 2798 814 2852 ed
833 2816 882 2854 eo·

194 2891 255 2930 rum
265 2891 308 2927 me
345 2873 473 2929 itudinern
482 2877 572 2952 possit
585 2878 719 2932 accedere.
741 2873 817 2943 Ecce
828 2877 881 2934 tni·

193 2949 290 3010 serum
333 2953 525 3021 ominem,.si
549 2950 635 3022 dolor
652 2951 792 3013 summurn
817 2974 879 3016 ma·

191 3031 256 3095 iutn
273 3027 332 3094 est:
353 3029 410 3093 dici
424 3031 504 3093 aliter
518 3050 580 3093 non
594 3029 690 3114 potest
681 3109 706 3174 E
717 3031 765 3096 sed
784 3035 880 3105 audia-¹

189 3137 192 3144 ¹
725 3136 757 3176 ιν
