2125 4067
253 487 299 562 18
383 488 463 560 Du
503 502 774 558 mutnus

247 603 395 667 deteriora
417 600 510 663 fecit:
535 598 688 662 disserendi
707 618 800 662 artem
819 599 932 664 nullam

248 685 366 746 habuit:
384 683 570 764 voluptatem
594 702 684 763 quum
707 680 852 742 summum
873 681 935 744 bo-

249 787 321 827 num
345 765 477 838 diceret,
498 762 624 843 primum
644 764 675 821 in
692 781 730 821 eo
749 761 811 843 ipso
830 781 934 843 parum

250 846 341 906 vidit:
362 842 469 905 deinde
486 842 545 904 hoc
563 862 682 923 quoque
698 842 843 903 alienum:
865 863 934 903 nam

249 925 317 986 ante
336 922 497 1004 Aristippus
513 943 523 996 ;
543 921 641 984 &ille
657 922 782 983 melius:
802 921 936 984 addidisti

251 1006 289 1067 ad
303 1023 484 1077 extremum,
501 1003 590 1065 etiam
605 1001 755 1064 indoslum
773 999 866 1064 fuisse.

294 1105 343 1162 27.
359 1085 454 1159 Pieri,
468 1085 604 1163 inquam,
618 1080 759 1156 afflari,
772 1083 854 1144 nullo
868 1103 937 1163 pac·

250 1181 283 1227 ro
302 1163 416 1247 potest,
429 1182 461 1224 ut
476 1185 538 1224 non
553 1164 651 1235 dicas,
667 1163 737 1243 quid
754 1184 815 1225 non
826 1165 937 1244 probes

250 1244 335 1325 ejus,
354 1267 371 1306 a
405 1266 444 1305 uo
459 1242 619 1304 dissentias:
631 1245 701 1326 quid
716 1247 794 1305 enim
805 1264 857 1307 me
867 1266 938 1326 pro·

250 1326 364 1396 hiberet
381 1266 557 1405 Epicureum
568 1322 646 1396 esse,
661 1325 686 1383 si
701 1325 859 1405 probatem

249 1405 300 1467 ille
321 1402 453 1466 diceret?
491 1425 563 1465 uum
578 1403 735 1485 prasertim
756 1405 805 1465 illa
845 1425 878 1467 er
899 1407 906 1420 '

250 1505 318 1546 cere
342 1484 426 1545 ludus
443 1426 524 1547 eset.
548 1484 756 1565 Quamobrem
773 1485 800 1544 d'
825 1487 938 1548 entien·

250 1567 324 1627 tium
343 1567 417 1626 inter
429 1565 458 1629 se
474 1566 715 1647 reprehensiones
732 1585 793 1626 non
809 1565 873 1627 sunt
891 1567 938 1628 vi·

251 1645 442 1728 tuperandae:
463 1646 634 1719 maledisla‚
654 1646 858 1718 contumeliae,
874 1664 938 1707 tum

249 1727 426 1800 iracundiae,
443 1731 672 1798 contentiones,
690 1726 938 1788 concertationes·

251 1827 309 1890 que
334 1809 365 1867 ‘tu
396 1805 568 1887 disputando
598 1809 789 1888 pertinaces,
811 1807 939 1892 indigne

223 1911 227 1916 ·
252 1889 323 1950 mihi
341 1887 522 1969 philosophis
540 1886 636 1948 videri
649 1885 755 1947 solent.

292 1966 344 2029 28.
363 1967 448 2029 Tunc
465 1966 656 2051 Torquatus,
675 1964 792 2028 Prorsus
802 1968 939 2050 ‚ioquin

250 2047 412 2110 assentior:
434 2068 529 2130 neque
553 2050 631 2110 enim
654 2046 790 2129 disputari
808 2049 871 2110 sine
892 2068 940 2110 re·

251 2130 469 2212 prehensione‚
488 2149 545 2188 nec
562 2150 628 2188 cum
645 2128 790 2191 iracundia
804 2145 854 2189 aut
873 2149 940 2209 pen·

243 2212 357 2275 <tinacia
374 2208 451 2270 resse
469 2207 607 2289 disputari
618 2208 724 2289 potest.
741 2207 800 2269 Sed
814 2209 851 2268 ad
867 2209 938 2283 staec,

253 2291 308 2352 nisi
324 2288 479 2352 molestum
495 2287 556 2363 est,
576 2289 674 2352 habeo
694 2311 758 2371 quae
771 2289 872 2351 velim.
898 2289 940 2351 At

254 2390 303 2510 a?
314 2369 941 2530 tutmtutsunslgttt:

259 2532 334 2590 curti
356 2550 474 2590 omnem
493 2528 611 2610 Epicuri
632 2529 806 2611 disciplinam
824 2472 940 2611 plasea

255 2631 293 2670 an
312 2610 421 2670 deuna
438 2609 509 2670 volu
532 2627 592 2671 tate
608 2613 716 2691 quaeri,
727 2609 764 2672 de
801 2630 837 2670 ua
852 2631 941 2672 omne

257 2707 405 2751 certamen
428 2689 493 2750 est?
512 2632 585 2751 el'uo
602 2691 717 2751 veroid
730 2632 873 2772 quidem,
893 2693 941 2750 in-

255 2791 370 2854 quam,
393 2771 541 2832 arbitratu.
564 2769 613 2831 Sic
635 2770 739 2831 faciam
760 2773 874 2853 igitur,
896 2774 941 2831 in-

251 2854 338 2933 quit:
357 2872 445 2911 unam
462 2871 526 2912 rem
543 2851 718 2932 explicabo,
733 2871 858 2931 eamque
879 2873 941 2912 ma-

255 2933 384 2992 ximam:
404 2933 442 2993 de
461 2933 589 3014 physicis
602 2933 687 2993 alids:
704 2933 737 2993 &
755 2931 877 3014 quidem
890 2933 943 2992 tibi

258 3010 291 3071 δι
306 3013 531 3076 declinationem
540 3011 624 3076 istam
633 3032 823 3090 atomorum,
834 3013 867 3077 ὃ(
881 3034 942 3076 ma·

95 3292 304 3582 ἡ
