2125 4067
281 543 361 625 '504
408 528 829 599 Tuscu-ramnum
948 568 951 574 ·

278 650 307 706 in
323 648 390 706 loco
403 639 622 703 consedissemus
631 686 641 715 ,
650 642 690 701 sic
700 640 741 703 est
755 641 962 725 propositumg

276 726 316 788 de
351 745 390 784 uo
407 721 453 782 dis
468 738 624 782 utarentus.
963 759 965 764 -

343 845 358 871 ,.
381 804 419 868 Α.
469 824 509 869 on
529 802 599 865 mihi
619 800 736 868 ‚videtur
753 801 791 863 ad
806 802 895 863 beate
917 802 963 863 vi·

272 883 407 952 vendunt
422 881 486 941 satis
503 879 583 962 posse
602 884 748 944 virtutem.
769 882 815 942 M.
836 880 880 942 At
898 882 962 944 hen

269 965 339 1025 -cule
358 962 448 1026 Bruto
464 981 534 1022 tneo
552 958 785 1038 videtu13cujus
806 982 866 1043 ego
884 959 960 1039 judi·

273 1046 370 1116 cium,
388 1061 461 1123 pace
475 1042 526 1101 tud
543 1041 683 1113 dixerim,
704 1042 792 1123 longe
810 1059 961 1122 antepono

273 1139 338 1185 tuo.
361 1122 400 1182 A.
417 1120 489 1184 Non
500 1122 613 1182 dubito.
635 1120 701 1182 Nec
714 1120 746 1184 id
763 1142 841 1182 nuuc
857 1125 958 1204 agitur,

273 1218 306 1263 tu
326 1203 406 1264 illurn
420 1218 559 1281 quantum
578 1221 658 1262 ames
676 1221 685 1273 ;
701 1200 751 1262 sed
771 1202 854 1276 hoc,
879 1203 959 1283 quod

273 1283 344 1352 milri
361 1283 419 1341 dixi
435 1280 551 1352 videri,
567 1281 652 1362 quale
672 1282 729 1353 sit3
749 1280 786 1342 de
807 1303 869 1363 quo
891 1304 909 1342 a
927 1300 957 1344 te

273 1361 407 1443 disputari
422 1361 503 1420 volo.
522 1360 569 1419 M.
587 1360 704 1440 Nempe
718 1380 807 1443 negas
820 1362 858 1421 ad
873 1362 957 1429 beate

270 1442 430 1513 vivendum
445 1440 510 1510 satis,
547 1438 606 1500 offe
623 1443 762 1502 virtutem
776 1452 792 1502 r
809 1441 850 1503 A.
868 1439 956 1503 Prot·

271 1520 317 1583 sus
337 1542 424 1603 nego.
442 1520 489 1586 M.
545 1520 615 1594 uid,
634 1520 673 1580 ad
692 1520 793 1596 rede,
814 1521 955 1598 honeste,

270 1601 470 1673 laudabiliter,
487 1600 634 1680 postrema
647 1600 685 1659 ad
703 1602 780 1662 bene
793 1603 954 1668 vivendum

269 1680 373 1742 satisne
393 1679 433 1742 est
452 1681 576 1761 praesidii
596 1682 626 1740 in
645 1682 751 1742 virtute
769 1681 781 1742 l
802 1682 843 1746 A.
865 1680 954 1746 Certe

267 1758 343 1822 satis.
366 1760 413 1820 M.
429 1759 518 1821 Potes
539 1763 549 1819 i
570 1762 625 1820 itur
642 1804 653 1833 ‚
669 1780 718 1821 aut
740 1762 790 1843 qui
801 1763 885 1824 -male
907 1766 954 1823 vi·

267 1858 339 1915 vat,
352 1860 412 1900 non
429 1860 499 1910 eum
511 1782 645 1902 miserum
654 1842 775 1912 dicere,
784 1858 853 1913 aut,
864 1862 952 1923 quem

267 1919 344 1992 bene
359 1920 490 1995 satem,
509 1940 583 1992 eunt·
597 1923 704 2005 negate
724 1921 810 1982 beate
826 1922 950 1984 vivere?

269 2000 307 2072 A.
319 2000 434 2080 Quidni
447 2001 579 2081 possim-l
592 2022 660 2071 nam
672 2003 764 2072 etiam
778 2003 807 2062 in
824 2020 951 2064 tormen·

266 2081 428 2156 tisredle,
454 2080 595 2154 honeste,
618 2081 825 2155 laudabiliter,
850 2084 884 2143 &
909 2084 949 2144 ol>

266 2181 331 2236 earn
347 2181 408 2223 rem
424 2162 501 2223 bene
511 2164 573 2221 vivi
590 2160 701 2240 potest,
719 2162 882 2223 dummodo
899 2165 948 2222 iu-

263 2242 377 2323 telligas
398 2287 408 2315 ‚
432 2241 500 2380 quid
524 2262 601 2300 nunc
625 2242 719 2301 dicam
741 2242 819 2303 bene
843 2265 850 2302 :
882 2245 947 2304 dicu

264 2324 361 2395 enirn,
376 2342 432 2381 con
457 2339 554 2396 anter,
565 2322 947 2402 graviter‚sapienter‚sot·

262 2403 339 2475 titer.
363 2401 434 2461 Hac
456 2404 544 2461 etiam
559 2406 588 2460 in
605 2404 761 2481 equuleum
782 2401 946 2481 conjiciun-

263 2496 328 2552 tur,
344 2482 403 2559 qub
419 2483 479 2540 vita
491 2502 554 2552 ,non
569 2481 690 2561 adspirat
707 2482 802 2542 beata.

305 2577 350 2636 ¹3·
371 2560 416 2618 M.
435 2559 517 2638 Quid
532 2561 639 2641 igitur?
655 2561 751 2623 solane
767 2560 854 2626 beata
869 2560 944 2636 vita,

260 2638 378 2721 quaeso,
396 2640 565 2719 relinquitur
580 2659 659 2702 extra
674 2639 777 2709 ostium
791 2639 944 2720 limenque

260 2721 398 2796 carceris,
418 2740 507 2799 quum
524 2720 701 2794 constantia,
718 2721 861 2802 gravitas,
877 2719 942 2781 sot·

257 2798 375 2874 titudo,
393 2799 548 2878 sapientia,
570 2803 742 2880 reliquaque
754 2803 877 2859 virtutes
894 2821 941 2860 rav

257 2881 373 2962 piantur
388 2880 424 2938 ad
438 2896 606 2953 tortorem,
624 2882 793 2960 nullumque
811 2877 940 2942 recusent

258 2978 314 3038 nec
332 2959 525 3038 supplicium,
543 2980 597 3019 nec
617 2961 754 3021 dolorem
772 2960 783 3019 i
809 2956 850 3018 A.
867 2958 939 3033 Tu,

256 3039 279 3114 εξ
299 3040 367 3123 quid
386 3058 416 3100 es
429 3036 571 3114 saelurus,
586 3060 665 3105 nova
680 3043 774 3127 aliqua
786 3042 939 3119 conquirat

799 3134 936 3206 oportet:
