2125 4067
256 431 335 517 :52
419 418 499 490 Dr
534 418 788 494 rrnraus'

256 538 294 597 de
315 535 420 597 ositum
439 535 564 598 reddere
583 538 612 597 in
632 537 709 599 rede
727 535 808 598 fadis
827 535 890 612 rit,
912 536 941 599 in

255 636 275 676 o
307 619 356 676 ciis
399 635 502 678 onatur
527 617 694 698 depositum
718 618 870 680 reddere:
890 618 941 680 illo

254 699 333 758 enirn
354 639 454 758 addito
474 744 484 774 ,
508 695 576 778 jussi
595 743 606 771 ,
623 697 693 760 facit
709 698 786 760 redd
804 697 938 759 sadum:

250 776 352 859 -perse
371 798 468 841 autem
485 779 543 838 hoc
560 777 651 859 ipsum
668 783 776 839 reddere
787 781 819 839 in
842 779 940 841 officio

252 861 399 939 ponitur:
429 863 624 943 quoniamque
649 880 709 921 non
733 859 857 920 dubium
879 858 941 934 est,

274 942 322 998 uin
339 942 369 1000 in
385 942 438 1014 iis,
455 961 518 1023 quae
532 940 627 1000 media
649 941 790 1015 dicimus',
809 942 847 1000 sit
864 941 939 1000 aliud

252 959 451 1095 sumendum,
471 1021 548 1081 aliud
567 1019 776 1100 rejiciendum:
800 1021 939 1103 quidquid

253 1101 294 1161 ita
313 1099 363 1175 fit,
381 1118 429 1162 aut
441 1102 565 1173 dicitur,
583 1103 733 1161 communi
748 1099 848 1162 officio
866 1123 939 1162 cou-

252 1183 381 1242 tinetur:
405 1201 441 1242 ex
463 1201 522 1261 quo
543 1182 729 1263 intelligitur,
747 1184 889 1262 quoniam
908 1179 938 1243 se

252 1261 330 1342 ipsos
342 1282 445 1322 omnes
462 1262 562 1321 naturai
573 1262 694 1344 diligunt
707 1279 787 1336 ‚tarn
803 1264 939 1344 insipien·

251 1359 340 1413 cem,
364 1340 452 1423 quim
470 1340 629 1422 sapientem
647 1388 656 1417 ,
679 1341 860 1432 sumpturum
877 1364 939 1426 qua

248 1422 409 1482 secundum
437 1439 569 1481 naturam
593 1425 679 1496 sint,
706 1423 939 1506 rejesturumque

249 1504 405 1562 contraria.
420 1500 463 1563 Ita
473 1501 513 1562 est
530 1502 679 1583 quoddam
695 1524 856 1566 commune
872 1503 938 1567 offi-

252 1584 329 1642 cium
344 1582 494 1664 sapientis,
509 1584 542 1643 &
555 1585 730 1664 insipientis:
747 1605 783 1645 ex
796 1607 859 1666 quo
875 1583 938 1647 effi-

252 1664 347 1737 citur,
364 1662 470 1724 versari
487 1664 516 1722 in
533 1663 586 1736 iis,
605 1685 669 1744 quae
685 1664 784 1726 media
798 1667 937 1728 dicamus.

292 1744 343 1805 60.
364 1743 422 1804 Sed
433 1765 521 1826 quum
532 1742 570 1805 ab
582 1744 625 1804 his
638 1748 737 1805 omnia
750 1745 937 1826 proficiscan-

250 1839 298 1887 tur
319 1824 440 1900 officia,
457 1846 518 1886 non
542 1827 603 1885 sine
620 1824 702 1886 causa
724 1827 829 1888 dicitur
844 1829 881 1889 ad
903 1848 936 1888 ea

250 1907 352 1969 referri
370 1929 474 1968 omnes
493 1905 603 1967 nostras
621 1908 832 1989 cogitationem
848 1910 878 1968 in
894 1909 935 1968 his

161 2036 166 2050 .
250 1988 285 2049 dc
302 1988 444 2050 excessum
456 2009 472 2048 e
484 1991 563 2060 vita,
581 1988 613 2046 ὃ(
624 1990 653 2046 ἱη
668 1989 727 2049 vita
738 1991 933 2050 mansionem:

251 2070 283 2130 in
302 2091 360 2152 quo
385 2072 462 2130 eninr
481 2068 562 2148 plura
583 2066 645 2126 sunt
665 2113 675 2139 ‚
696 2090 759 2150 quae
779 2068 935 2130 secundun
974 2130 976 2134 .

247 2150 384 2211 'naturam
406 2148 493 2223 sunt,
513 2146 597 2228 hujus
616 2146 742 2208 officium
762 2149 803 2210 est
824 2153 855 2210 in
877 2153 936 2212 vita

249 2250 389 2293 manere:
403 2234 431 2290 in
448 2252 508 2312 quo
523 2249 619 2290 autem
636 2246 684 2290 aut
698 2228 760 2288 sunt
772 2231 855 2311 plura
867 2253 936 2292 con·

249 2315 354 2383 traria,
375 2329 422 2369 aut
441 2311 507 2369 sore
525 2311 680 2383 videntur,
701 2307 784 2390 hujus
807 2310 934 2373 officium

250 2386 293 2448 est
313 2393 402 2449 evita
422 2390 586 2448 excedere:
604 2409 640 2448 ex
657 2412 716 2469 quo
734 2408 883 2472 apparet,
904 2393 935 2453 dr

249 2467 382 2548 sapientis
392 2466 448 2528 esse
459 2469 611 2548 aliquando
624 2469 771 2544 officium,
791 2474 934 2533 excedere

251 2569 268 2610 e
283 2551 364 2624 vita,
382 2570 470 2630 quum
487 2550 588 2608 beatus
602 2551 658 2623 sit3
677 2551 710 2611 dc
729 2550 805 2612 stulti
816 2572 933 2614 manere

248 2632 278 2691 in
298 2634 357 2692 vita
368 2676 380 2703 ‚-
394 2650 481 2711 quum
494 2631 529 2688 sit
540 2629 631 2688 miser.

291 2713 339 2774 61.
360 2711 435 2770 Nam
447 2711 557 2770 bonurn
569 2710 657 2782 itlud,
671 2712 702 2771 ὃ(
715 2713 842 2788 malum,
855 2713 935 2795 quod

248 2792 323 2874 saepe
341 2790 398 2873 jam
415 2791 519 2852 dissum
539 2789 597 2862 est,
612 2790 711 2872 postea
728 2794 933 2875 consequitur:
970 2860 973 2866 ,

248 2879 342 2954 prima
361 2892 457 2939 autem
469 2876 517 2940 iliu
528 2890 633 2937 natura:
641 2917 653 2950 ,
664 2876 725 2937 sive
741 2873 865 2938 secunda
875 2921 886 2954 ,
896 2878 936 2947 sie
