2125 4067
248 559 330 640 '294
378 541 808 613 Tuscuzananutr

209 663 213 667 “
250 657 307 721 effe
321 660 352 718 in
363 676 460 719 morte
476 655 609 731 sensum,
625 676 722 740 neque
736 653 853 717 excess'u
868 653 939 720 vitat

251 741 291 800 sic
310 738 401 800 deleri
410 732 583 813 hominem,
600 754 633 797 ut
646 735 778 798 funditus
790 739 940 800 interiretz

250 818 339 900 idque
358 839 459 900 quum
488 818 586 878 multis
610 818 671 878 aliis
694 817 807 892 rebus,
840 834 938 879 tume

249 898 403 993 pontificio
419 897 481 980 jure
500 899 533 960 δι
549 899 730 959 ceremoniis
741 896 939 979 sepulcrorum

251 979 374 1063 intelligi
386 981 475 1052 licet3
493 1000 563 1060 quas
579 979 711 1040 maximis
728 980 853 1061 ingeniis
867 1000 940 1060 prae·

252 1059 306 1120 diti
323 1080 379 1121 nec
397 1060 477 1122 tanti
494 1060 563 1120 curri
580 1057 751 1134 coluiffent‚
771 1079 828 1120 nec
845 1059 940 1121 viola·

161 1186 165 1194 .
253 1156 298 1200 tas
321 1159 380 1201 tarn
404 1140 572 1220 inexpiabili
596 1140 738 1222 religione
760 1137 938 1214 sanxissent,

253 1222 309 1281 nisi
323 1223 444 1283 haereret
458 1224 488 1281 in
506 1241 609 1281 eorum
628 1220 793 1294 mentibus,
813 1237 939 1283 mortem

254 1320 317 1360 non
337 1305 483 1362 inreritum
495 1299 552 1361 effe
573 1303 673 1361 omnia
685 1300 842 1362 tollentem
856 1317 939 1382 atque
968 1297 970 1303 '

255 1380 430 1456 delentem,
452 1380 501 1440 sed
517 1380 674 1461 quamdam
687 1383 769 1462 quasi
792 1383 938 1464 migratio·
981 1444 983 1446 .

254 1480 325 1521 nem
347 1463 667 1542 commutationemque
687 1463 778 1534 vitae,
799 1480 864 1543 quae
884 1461 940 1521 cla·

255 1542 294 1601 ris
311 1543 379 1602 viris
401 1543 433 1602 &
455 1541 570 1602 feminis
591 1541 648 1602 dux
665 1541 821 1602 incoelum
838 1540 940 1602 soleret
983 1591 984 1594 η

256 1618 335 1696 effe,
350 1625 380 1682 in
399 1623 503 1684 ceteris
523 1622 603 1682 humi
618 1624 812 1696 retineretur,
830 1621 864 1684 dt
877 1641 942 1706 per·
965 1622 967 1625 ’

253 1720 386 1764 maneret
399 1721 509 1765 tamen.
779 1769 781 1773 ,

301 1783 348 1844 28.
370 1783 415 1845 Ex
438 1786 494 1846 hoc
522 1782 555 1843 &
581 1780 747 1845 nostrorum
772 1783 933 1865 opinione·

257 1914 374 1967 Romulus
384 1917 410 1968 in
422 1918 480 1968 coelo
490 1933 541 1966 tum
553 1916 598 1966 diis
606 1916 657 1986 agit
666 1933 755 1975 evum,

258 2039 292 2083 ut
310 2023 394 2084 farnae
413 2023 564 2088 allentiens
587 2025 658 2086 dixit
677 2023 808 2099 Ennius;
824 2021 942 2107 &apud

261 2101 410 2175 Graecos,
437 2106 565 2188 indeque
586 2103 730 2187 perlapsus
747 2105 785 2166 ad
805 2125 885 2178 nos,
903 2104 944 2165 ιδι

261 2185 350 2266 usque
371 2183 414 2268 ad*
434 2182 590 2248 Oceanum
621 2185 764 2246 Hercules
788 2201 893 2280 ‘tantus‘
915 2184 945 2244 ἃ

262 2280 335 2405 ill
352 2264 623 2417 l'isssliilallil}
640 2265 839 2428 fillzlli
860 2265 946 2406 lli

264 2426 432 2486 celebritate
452 2427 642 2508 'Tyndaridae
666 2425 793 2501 fratres,
817 2426 864 2508 qui
884 2445 946 2484 non

263 2504 357 2562 modo
376 2505 523 2584 adjutores
541 2510 571 2566 in
585 2507 693 2587 proeliis
708 2507 833 2568 vidoriae
844 2505 960 2644 ppbpulir

264 2581 393 2642 Romani
405 2628 414 2656 ,
425 2585 474 2645 sed
486 2588 573 2647 etiam
590 2589 681 2646 nuntii
697 2587 779 2648 fuiffe
794 2606 844 2669 per
895 2605 947 2644 en·

265 2681 320 2724 tur.
335 2661 440 2744 Quid?
454 2665 527 2738 Ino,
548 2665 656 2728 Cadmi
667 2666 744 2740 filia,
757 2687 856 2729 nonne
871 2665 947 2725 Leu-

264 2745 373 2807 cothea
387 2750 536 2808 nominata
554 2771 571 2808 a
586 2746 697 2810 Graecis
708 2795 719 2824 ,
731 2747 847 2810 Matuta
859 2747 948 2806 habe·

265 2844 313 2888 tur
333 2847 350 2887 a
371 2826 498 2890 nostris?
520 2826 629 2908 Quid?
656 2845 751 2890 totum
772 2829 867 2911 prope
889 2848 948 2887 coe·

265 2908 344 2982 lum,
357 2929 395 2969 ne
411 2912 506 2992 plures
521 2911 694 2993 persequar,
706 2931 807 2971 nonne
823 2911 947 2970 humano

264 3008 373 3070 genere
389 2994 567 3075 completum
587 2989 653 3051 est?
827 3052 829 3056 .

306 3066 405 3134 XIII.
424 3073 456 3139 Si.
475 3074 550 3137 verb
574 3070 692 3131 scrutari
712 3086 840 3147 vetera,
863 3068 897 3131 &
915 3085 949 3130 ex
