2125 4067
450 1231 796 1296 LIBER
869 1235 1451 1317 QUINTUS.

273 1395 388 1463 IN
446 1395 561 1462 hoc
603 1397 759 1463 libro
803 1397 1227 1486 Peripateticae
1272 1401 1349 1466 de
1380 1399 1648 1491 ficmmo

375 1491 554 1652 bb⁰f²⁰
586 1493 856 1560 rationis
894 1495 1228 1582 explicatio
1260 1495 1494 1587 Pistmi
1527 1498 1645 1566 tri-

419 1609 608 1654 uetur.

284 1770 416 1846 ss

289 1847 410 1930 ’λζ
437 1861 542 1904 uu
560 1860 612 1904 M
652 1842 984 1907 audivissem
1006 1843 1369 1906 Antiochum
1388 1889 1408 1919 ,
1428 1844 1647 1923 Brute‚·

277 1942 341 1982 ut
377 1925 634 1999 solebat,
671 1947 803 1985 cum
843 1926 935 1986 M.
972 1924 1178 1986 Pisone
1203 1971 1225 1997 ,
1257 1930 1316 1985 in
1354 1946 1428 1987 eo
1469 1947 1649 2006 gym-

279 2009 442 2064 nasio
460 2050 479 2077 ‚
499 2005 661 2085 quod
681 2004 1087 2065 Ptolemaeium
1110 2023 1357 2064 vocatur
1378 2048 1398 2076 ‚
1418 2009 1648 2084 unaque

279 2086 580 2145 nobiscum
625 2084 714 2163 Q.
752 2084 971 2158 frater,
1018 2085 1084 2143 δι
1123 2083 1204 2144 Τ.
1246 2083 1608 2162 Pomponius
1636 2130 1658 2160 ,

283 2167 357 2226 &
408 2166 480 2224 L.
518 2161 767 2237 Cicero,
806 2163 984 2223 frater
1025 2162 1259 2234 noster,
1302 2165 1652 2298 cofinatione

280 2244 563 2341 patruelis
589 2287 608 2314 ‚
641 2262 840 2302 amore
878 2261 1226 2322 germanus3
1260 2263 1375 2301 con
1425 2244 1657 2302 ituimus

282 2343 441 2386 mter
488 2343 596 2383 nos
629 2367 648 2394 ‚
699 2338 761 2380 ut
801 2322 1257 2380 ambulationem
1301 2323 1660 2402 pomeridia-

287 2410 423 2466 n'am
463 2401 882 2464 conficeremus
915 2401 1327 2476 inAcademia
1350 2447 1368 2476 ,
1408 2405 1654 2484 maxime

287 2486 450 2568 quod
487 2487 534 2544 is
570 2484 732 2542 locus
763 2483 837 2541 ab
882 2484 1044 2561 omni
1076 2483 1242 2542 turba
1277 2482 1336 2541 id
1372 2487 1655 2564 temporis

287 2588 501 2628 vacuus
529 2562 684 2625 esset.
708 2562 910 2645 Itaque
933 2564 1007 2622 ad
1028 2582 1259 2644 tempus
1283 2564 1355 2622 ad
1380 2563 1649 2625 Pisonem

290 2667 532 2707 omnes:
569 2645 704 2702 inde
736 2645 901 2702 vario
933 2643 1200 2703 sermone
1232 2642 1328 2703 sex
1351 2644 1448 2702 illa
1472 2666 1503 2701 a
1540 2643 1658 2704 Di-

287 2727 439 2808 pylo
473 2725 649 2784 stadia
681 2723 1065 2781 confecimus:
1100 2742 1279 2802 quum
1313 2739 1508 2780 autem
1540 2742 1660 2781 ve-

287 2805 562 2867 nissemus
593 2804 652 2858 in
687 2801 1019 2858 Academiae
1048 2822 1170 2859 non
1197 2803 1318 2859 sine
1355 2797 1518 2858 causa
1549 2821 1663 2860 no-

288 2886 515 2947 bilitata
547 2880 754 2962 spatia,
781 2878 1030 2937 solitudo
1061 2896 1184 2938 etat
1208 2898 1317 2949 ea,
1346 2899 1520 2959 quam
1546 2901 1665 2940 vo-

395 2984 605 3023 ramus.

291 2968 432 3108 ἱππ.
463 3043 624 3105 Tum
655 3039 778 3107 Piso
805 3085 825 3117 ,
854 3038 1154 3105 Natu-rane
1188 3036 1357 3102 nobis
1388 3037 1502 3104 hoc
1539 3042 1666 3119 ,ine
