2125 4067
308 481 478 550 er
511 489 741 550 mmm
815 497 871 574 37

228 611 275 678 59.
296 596 390 688 Qub'd
405 599 428 657 si
444 599 575 677 corporis
592 595 770 691 gravioribus
787 612 872 655 mor·

181 675 228 736 bis
240 680 307 736 vitae
321 678 481 756 jucunditas
495 678 669 757 impedrrur3
684 677 793 758 quantb
808 696 871 734 ma·

183 759 228 837 gis
255 759 343 815 animi
368 757 474 816 morbis
497 759 537 816 im
561 757 631 816 editi
655 755 767 816 neceffe
792 754 832 816 est
853 754 871 814 ἒ

187 837 278 893 animi
301 851 399 894 autem
420 836 516 895 morbi
532 779 596 896 {Eur
618 837 788 917 cupiditates
810 837 870 895 im·

188 914 295 973 mensae
311 914 344 973 &
360 917 479 985 inanes,
491 915 671 991 divitiarum,
686 917 802 999 gloriae,
815 912 871 976 do·

185 994 379 1067 minationis,
399 991 614 1054 libidinosarum
632 1001 716 1056 eriam
733 996 870 1074 volupta-

140 1104 142 1107 ·
184 1090 249 1133 tum
269 1094 280 1133 r·
301 1074 447 1134 accedunt
469 1073 653 1156 {egritudines
670 1120 680 1148 ‚
703 1071 875 1150 molestiaeg

183 1174 348 1229 moerores,
381 1157 409 1214 ui
428 1157 542 1214 animos
556 1155 686 1215 exedunt
702 1153 876 1214 conficiunt··

185 1252 244 1316 que
263 1237 335 1294 curis
346 1177 526 1308 ,ffiominum
546 1257 608 1295 non
626 1235 846 1316 intelligentium
862 1256 888 1306 ,ᾗ

184 1315 257 1374 nihil
283 1315 442 1375 dolendum
467 1314 524 1376 effe
544 1319 668 1389 animo,
694 1314 776 1396 quod
798 1315 834 1374 sir
855 1335 875 1374 a

186 1395 292 1455 dolore
308 1398 437 1477 corporis
451 1395 584 1476 praesenri
596 1395 751 1476 futuroque
762 1392 873 1473 sejunc·
897 1466 902 1476 ¹

188 1489 261 1534 rum.
284 1473 348 1536 Nec
363 1476 436 1536 verb
454 1475 600 1558 quisquam
621 1476 717 1538 stultus
733 1496 795 1534 non
814 1475 873 1535 ho-

187 1574 254 1613 rum
270 1555 438 1615 morborum
457 1557 555 1640 asrquo
567 1557 680 1617 laborat
691 1577 704 1616 :·
716 1576 805 1616 nemo
815 1557 873 1640 igi-

187 1651 234 1695 tur
251 1633 293 1695 est
309 1657 370 1695 non
381 1635 477 1697 miser.
700 1697 702 1700 .

227 1717 278 1775 60.
301 1715 428 1776 Accedit
445 1719 532 1777 etiarn
552 1736 659 1791 mors,
680 1738 766 1799 quae,
790 1718 872 1798 quasi

185 1794 283 1856 saxum
304 1795 453 1872 Tantalo,
471 1796 585 1877 semper
608 1799 786 1878 impendet:
807 1815 882 1857 tum·

185 1877 214 1936 su
237 1875 369 1951 erstiti03
390 1878 511 1960 quiqui
532 1875 574 1937 est
592 1877 740 1951 imbutus,
758 1879 875 1958 quietus

186 1977 203 2018 e
226 1979 242 2016 e
259 1979 416 2038 numquam
429 1956 536 2040 potest.
556 1955 788 2017 Praetereabona
802 1979 874 2038 prae·

184 2039 271 2096 terita
292 2059 352 2097 non
371 2040 586 2109 meminerunt,
608 2036 792 2116 praesentibus
809 2058 873 2097 non

186 2116 345 2190 fruuntur,
365 2118 460 2178 futura
484 2116 577 2176 modb
600 2117 785 2199 exspeRann
807 2115 874 2197 q'uae

189 2199 257 2276 quia
277 2213 354 2255 certa
372 2197 429 2258 effe
444 2218 505 2256 non
524 2193 660 2276 poffunt,
682 2195 874 2257 conficiuntur

187 2277 222 2337 &
240 2295 371 2358 angore,
389 2278 420 2335 &
434 2292 530 2335 metu:
547 2276 729 2355 maximeque
746 2280 875 2336 crucian-

185 2373 253 2430 tur,
269 2377 358 2437 quum
375 2355 439 2416 serb'
453 2353 578 2415 sentiunt
594 2353 694 2415 frustra
706 2355 733 2416 se
753 2372 800 2415 aut
815 2378 873 2440 pe-

186 2440 278 2498 cuniae
294 2435 442 2510 studuisse,
459 2455 509 2496 aur
521 2437 666 2517 imperes,
683 2455 731 2497 aut
747 2439 873 2520 opibus,

186 2534 234 2577 aut
250 2517 367 2599 gloriae:
383 2519 474 2577 nul'las
492 2519 571 2577 enim
591 2517 803 2614 consequuntur
814 2543 873 2582 vo·

185 2598 328 2679 hrptares,
346 2619 465 2679 quarum
480 2599 613 2678 potiendi
624 2598 673 2679 spe
688 2602 872 2674 mflamrnati',

186 2677 294 2738 multos
324 2679 438 2738 labores
467 2677 645 2759 magnosque
677 2678 873 2762 susceperant.
943 2690 945 2696 '

230 2757 279 2815 61.
304 2756 378 2817 Ecce
398 2774 495 2817 autem
514 2759 560 2817 afri
580 2761 722 2819 minuti&
742 2759 875 2840 angusti,

188 2851 239 2893 aur
256 2838 352 2894 omnia
368 2836 481 2915 semper
498 2837 702 2917 desperantes,
720 2856 768 2898 aur
779 2836 874 2897 male·

188 2913 273 2986 voli,
285 2913 395 2987 invidi,
409 2913 554 2987 difficiles,
566 2917 700 2997 lucifugi‚
717 2917 872 2999 maledici²

187 2991 369 3059 monstrosi:
387 2993 436 3057 alii
450 3010 547 3055 autern
561 2995 650 3057 eriam
666 2999 810 3058 amatoriis
826 2998 875 3064 le-
