2125 4067
328 512 756 599 'ernnuurnrun
793 524 869 607 241·

186 633 277 705 meg
299 631 432 691 omniurn
451 649 547 689 rerum
558 671 570 700 ,
590 646 661 708 quat
678 631 841 710 expetimus
860 641 873 705 ,'

186 709 333 771 srrmmum
351 711 384 770 δι
397 710 529 770 ultimum
540 729 551 780 3
563 728 619 767 nec
634 709 691 769 ulla
705 713 734 770 in
753 730 785 771 re
798 730 874 791 pec·

187 810 256 851 care
277 788 393 870 poliet3
419 810 495 848 nunc
511 788 619 847 veroa
658 792 732 850 rimo
750 792 870 871 quidem

190 869 362 932 mirabiliter
375 869 489 928 occulta
502 883 605 927 natura
620 810 660 928 el
670 913 682 941 ,
691 890 745 930 nec
757 870 875 951 perspi-¹

192 952 253 1023 ci,
276 969 334 1010 nec
355 947 491 1030 cognosci
511 945 635 1027 potest:
659 951 872 1032 progredienti·

190 1028 249 1090 bus
272 1044 370 1090 autem
390 1027 545 1099 maribus,
563 1024 665 1087 sensim
681 1029 799 1091 tardeve
815 1052 873 1110 po-

189 1110 249 1171 tius
259 1111 341 1190 quasi
353 1103 544 1189 nosmetipsos
554 1105 764 1188 cognoscimus.
773 1108 876 1189 Itaque-

187 1188 239 1257 illa
262 1191 359 1270 prima'
385 1188 630 1260 commendatio,
653 1208 752 1268 quaea
775 1206 875 1251 natura

187 1267 279 1334 nostri
297 1268 370 1330 facia
390 1267 457 1345 est,
476 1268 562 1329 nobis
577 1265 695 1327 obscura
714 1268 746 1328 δι
764 1267 875 1331 incerte

188 1349 250 1424 ell3
262 1348 424 1432 primusque
436 1351 581 1431 appetitus
594 1347 643 1410 ille
658 1350 746 1408 animi
760 1351 875 1410 tantum

187 1431 269 1511 agit,
289 1447 321 1491 ut
335 1429 406 1491 salvi
421 1447 506 1511 atque
519 1429 625 1510 integri
638 1426 695 1489 esse
709 1432 872 1510 possimus:

184 1530 278 1592 quum
294 1527 392 1572 autern
412 1509 549 1591 dispicere
566 1510 705 1588 coepimus
720 1509 873 1571 &sentire

210 1590 258 1650 uid
278 1593 387 1665 simus,
411 1590 443 1650 &
469 1589 537 1671 quid
557 1588 745 1650 animantibus
765 1593 876 1651 ceteris·

185 1611 378 1745 differamus,
403 1686 464 1730 turn
481 1689 516 1731 ea
535 1667 615 1752 sequi
627 1671 805 1752 incipimus,
829 1669 869 1731 ad

186 1771 253 1834 quae
272 1754 332 1814 nati
354 1750 460 1813 sumus.
803 1815 808 1825 ¹

229 1851 278 1906 42,
305 1832 405 1914 Quam
432 1830 649 1897 similitudinem
675 1829 810 1892 videmus
838 1830 870 1893 in

183 1911 304 1986 bestiis,
335 1935 398 1994 quae
423 1913 543 1994 primo,
563 1912 675 1991 inquo
702 1911 772 1969 loco
794 1927 870 1970 natae

185 1990 277 2066 firm,
295 2012 332 2052 ex
351 2013 388 2055 eo
407 1991 436 2056 se
451 2013 512 2053 non
528 2006 745 2052 commovent:
763 1988 871 2050 deinde

185 2071 241 2137 suo
262 2092 382 2152 quaeque
412 2073 554 2152 appetitu.
567 2085 729 2131 movetur=
754 2066 872 2149 serpere

187 2151 356 2231 anguiculos
369 2196 379 2225 ‚
393 2172 462 2214 nare
481 2151 635 2213 anaticulas
646 2195 657 2224 ,
670 2149 791 2211 evolare
805 2169 873 2208 me·

188 2231 268 2297 rulas
282 2273 292 2301 ‚
306 2230 441 2292 cornibus
451 2232 494 2292 uti
504 2229 762 2304 videmusboves,
777 2249 870 2310 nepas

187 2310 330 2383 aculeis3
359 2308 437 2373 suatn
460 2308 586 2387 denique
611 2312 710 2391 cuique
736 2326 878 2383 naturam·

187 2388 247 2451 effe
264 2389 301 2450 ad
316 2389 476 2460 vivendum
491 2386 614 2451 ducem:
632 2410 695 2471 quae
710 2390 880 2454 similitudo:

186 2472 218 2532 in
241 2490 347 2552 genere
368 2472 457 2535 etiam
473 2468 602 2531 humano
621 2487 765 2552 apparere
784 2473 878 2551 parvi-

188 2553 266 2616 enim
291 2554 391 2631 ‚primo
418 2567 484 2617 ortu
507 2553 548 2610 sic
574 2548 694 2629 jacent,
717 2568 876 2632 tamquam·

187 2634 309 2697 omniuo
334 2635 395 2697 sine
422 2634 520 2692 onirno
540 2633 623 2693 sint:
655 2652 744 2713 quum
767 2636 875 2691 iurem.

186 2713 305 2793 pauluin
332 2709 472 2771 firmitatis
493 2711 639 2772 accederit
660 2757 671 2786 ‚
696 2713 749 2783 A&
766 2713 868 2771 animo

184 2807 329 2861 utuntur,
346 2792 379 2850 δι
395 2789 546 2858 sensibus,
570 2793 812 2873 connitunturque
834 2807 868 2852 ut

184 2869 248 2932 sese
265 2870 397 2949 erigant,
416 2869 450 2926 δι
470 2867 601 2929 nauibus
619 2884 749 2930 utanturt
769 2873 866 2933 &eos

184 2948 370 3034 agnoscunt,
392 2967 409 3005 a
435 2944 538 3027 quibus
556 2945 734 3006 educantur:
762 2950 866 3012 deindo

185 3031 344 3115 equalibus
358 3026 559 3113 delemur,
570 3024 752 3110 libenterque
763 3026 877 3109 secuq'

227 3116 254 3177 T
251 3133 329 3174 ornus
347 3108 446 3175 VIII
739 3107 765 3172 L
