2125 4067
266 499 347 567 ‘202
434 491 512 559 Da
551 506 803 563 sturnus

264 627 324 688 que
345 620 443 666 tamen
465 605 584 664 minoris
608 603 695 686 quim
716 606 772 667 illis
794 609 956 694 videatut;

261 689 313 767 qui
324 686 392 745 illud
405 705 463 744 non
480 685 610 745 dubitant
624 687 736 747 bonum
751 689 864 754 dicere.
887 697 954 758 Hoc

263 768 338 828 verb
359 785 389 827 te
409 765 484 827 serre
506 788 565 825 non
582 770 724 846 potuille,
743 771 827 850 qubd
846 754 966 858 antiqui¹

261 846 324 921 illi,
338 850 417 928 quasi
431 848 562 921 barbati,
579 867 610 906 ut
629 869 684 908 nos
701 849 740 907 de
756 851 864 912 noslris
879 856 950 918 sole·

261 948 328 990 mus
350 929 474 1000 dicere,
496 928 690 1002 crediderint,
712 925 799 1007 ejus,
825 937 877 1014 qui
898 938 951 998 bo·

262 1007 345 1068 nesle
365 1013 500 1082 viveret,
523 1011 547 1068 si
568 1009 646 1068 idem
666 1009 698 1068 dc
721 1010 802 1073 bene
818 1015 950 1092 valeret,

261 1087 341 1150 bene
360 1089 496 1162 audiret,
519 1089 651 1170 copiosus
672 1088 764 1164 esset,
787 1097 948 1174 optabilio-

261 1189 326 1230 tem
346 1170 410 1231 sore
428 1173 538 1242 vitam,
555 1171 790 1251 melioremque,
808 1176 839 1234 dt
861 1179 949 1260 magis

261 1251 486 1392 izlzz‘b‘llt
500 1249 682 1392 biblis?
696 1296 707 1324 ’
719 1256 947 1398 lbffblll

370 1377 380 1405 9
694 1376 704 1406 9

260 1430 360 1486 maeo,
627 1447 630 1457 ’

260 1543 437 1597 circumventus
450 1544 554 1602 morio,
570 1544 675 1602 asisin,
692 1560 765 1613 atque
772 1542 869 1617 inopiis.

310 1653 360 1734 63.
385 1653 430 1714 Illi
455 1655 540 1735 igitur
565 1656 672 1735 antiqui
699 1676 761 1716 non
783 1671 846 1717 tam
867 1655 944 1718 acute

201 1768 204 1773 ·
260 1738 465 1816 optabiliorem
481 1735 558 1794 illam
575 1738 665 1795 vitam
680 1754 802 1816 putant,
815 1736 944 1818 prestan-

259 1818 366 1877 tiorem
377 1861 387 1889 ,
400 1815 580 1876 beatiorem:
601 1815 690 1876 Stoici
707 1835 805 1878 autem
821 1835 943 1878 tantum·

260 1898 355 1957 modo
381 1896 609 1977 ptaeponendam
630 1899 660 1955 in
685 1896 861 1978 seligendo,
885 1918 942 1959 non

259 1978 321 2057 qul)
346 1979 459 2038 beatior
476 1977 537 2036 haec
556 1980 615 2036 vita
635 1979 698 2050 sit,
727 1978 777 2038 sed
803 1977 883 2117 pubd
906 1977 943 2038 ad

259 2074 390 2117 naturam
409 2057 678 2117 accommodatior:
694 2058 724 2117 &
738 2059 787 2138 qui
816 2062 942 2140 apientes

258 2158 322 2200 non
340 2138 423 2211 sunt,
440 2157 543 2198 omnes
554 2139 633 2217 aeque
651 2136 771 2198 miseros
784 2137 853 2200 else.
865 2136 942 2199 Stoi·

258 2221 287 2279 ei
310 2219 367 2280 hoc
380 2218 517 2281 videlicet
530 2216 690 2298 viderunt(
703 2219 770 2279 illos
793 2238 891 2281 autem
912 2217 942 2278 id

259 2298 375 2381 fugerat
386 2299 628 2381 superiores)qui
642 2299 871 2375 arbitrabantur,
887 2299 941 2360 hu-

257 2382 353 2440 mines
369 2380 521 2441 sceleribus
538 2382 569 2441 &
590 2379 745 2459 parricidiis
760 2382 942 2461 inquinatos,

256 2457 348 2517 nihilb
365 2460 525 2520 miseriores
536 2460 592 2522 else
605 2459 691 2540 quam
707 2480 779 2534 eos,
792 2463 841 2540 qui
856 2480 940 2540 quum

256 2535 334 2597 calle
357 2539 389 2598 &
410 2540 521 2620 integre
542 2544 696 2611 viverent,
718 2541 853 2601 nondum
871 2561 940 2622 per·

257 2614 364 2680 sedam
385 2619 463 2678 illam
479 2620 646 2700 sapientiam
665 2617 756 2682 essent
775 2620 939 2682 consecutis

257 2715 347 2781 atque
368 2699 424 2759 hoc
444 2700 512 2762 loco
536 2701 735 2762 similitudines
748 2721 822 2775 eas,
841 2701 942 2782 quibus

255 2779 299 2853 illi
315 2782 357 2840 uti
370 2779 484 2856 solent,
501 2782 701 2843 dissimillimas
711 2781 893 2862 proferebas.

298 2861 349 2938 64.
366 2861 443 2944 Quis
457 2866 536 2925 enim
551 2866 684 2948 ignorat,
696 2865 721 2921 si
755 2863 835 2923 lutes
849 2882 887 2924 ex
899 2858 939 2920 al·

243 2958 289 3008 to
303 2964 454 3030 emergere
470 2946 583 3022 velint,
601 2945 722 3026 propibs
734 2884 802 3006 sore
814 2962 869 3006 eos
880 2941 939 3025 qui·
