2125 4067
258 525 430 600 zrnrn
469 537 691 598 naturus.
765 539 818 618 41·

93 701 96 703 ,
133 641 237 704 ultima
255 645 424 725 antiquitate
441 644 591 725 repetitis,
606 643 657 702 vix
670 639 725 700 tria
743 641 821 700 ami-

135 744 241 783 corum
261 725 342 802 paria
361 743 392 784 re
413 727 558 796 criuntur,
577 740 610 782 ur
623 723 660 782 ad
681 719 819 782 Orestem

124 859 127 864 .
161 804 316 874 ervenias‚
336 746 479 881 prodeiius
495 825 513 864 a
530 801 660 864 Theseo.
684 801 726 861 At
743 801 820 861 verb

89 907 91 910 ·
168 884 285 961 picurus
302 902 359 939 una
371 884 401 939 in
418 882 529 957 domo,
545 883 623 944 &ea
639 882 756 965 quidem
769 901 822 953 au·

140 958 245 1041 gusta,
264 959 351 1041 quim
369 981 518 1041 magnos,
537 963 697 1043 quantique
715 962 822 1021 amoris

136 1039 356 1121 conspiratione
375 1039 590 1102 consentientes
608 1043 698 1101 tenuit
715 1043 824 1100 amico·

135 1142 201 1180 rum
220 1120 348 1202 greges?
362 1121 445 1202 quod
461 1118 494 1181 fit
508 1122 599 1181 etiam
617 1142 692 1181 nunc
706 1121 741 1180 ab
754 1119 825 1201 Epi·

137 1221 242 1260 curers.

180 1280 230 1342 66.
251 1277 309 1343 Sed
328 1280 365 1341 ad
383 1300 445 1342 rem
464 1280 645 1341 redeamus:
667 1279 705 1340 de
727 1278 828 1339 omni-

137 1361 194 1420 bus
219 1360 273 1420 dici
299 1382 359 1420 non
385 1359 498 1422 necesse
524 1359 576 1421 est.
606 1358 713 1422 Tribus
739 1361 825 1442 igitur

140 1441 239 1500 modis
256 1440 342 1500 video
357 1439 414 1501 ess'e
425 1446 446 1501 a'
456 1439 558 1502 nostris
572 1440 610 1502 de
626 1441 751 1500 amicitia
761 1440 824 1500 dis·

140 1536 286 1602 putatum.
300 1519 377 1593 Alii,
390 1543 479 1602 quum
496 1541 545 1582 eas
556 1522 743 1602 voluptates,
757 1541 823 1602 quae

139 1601 179 1660 ad
199 1603 309 1660 amicos
325 1604 518 1682 pertinerent,
537 1620 677 1686 negarent
696 1599 753 1662 effe
770 1621 826 1682 per

139 1681 170 1742 se
190 1680 264 1762 ipsas
285 1697 346 1742 tam
372 1683 576 1764 expetendas,
601 1682 688 1765 quim
711 1681 823 1741 nostras

141 1781 344 1902 exsseteremus
351 1783 364 1835 ς
377 1783 437 1844 quo
450 1764 517 1824 ioco
528 1763 645 1825 videtur
653 1761 823 1843 quibusdam

139 1840 180 1902 sta
201 1844 274 1903 ilitas
296 1845 426 1904 amicitiae
448 1845 585 1905 vacillare
606 1865 616 1902 t
641 1858 759 1904 tuentur
781 1857 825 1901 ta·

140 1943 209 1983 men
230 1943 298 1984 eum
320 1923 442 1997 locum,
459 1924 548 2006 seque
569 1923 675 1996 facile,
698 1940 731 1983 ut
752 1921 824 1982 mihi

139 2003 274 2078 videtur,
287 2004 468 2085 expediunt:
483 2022 517 2063 ut
530 2007 609 2064 enim
626 2003 766 2074 virtutes,
786 2000 827 2063 de

139 2085 243 2162 quibus
258 2083 323 2142 ante
342 2083 449 2145 didium
468 2082 530 2158 est,
547 2085 588 2144 sic
606 2083 759 2142 amicitiam
773 2100 827 2140 ne·

141 2179 213 2244 gant
239 2161 319 2243 posse
345 2186 361 2223 a
387 2165 542 2245 voluptate
563 2162 734 2223 discedere:
756 2179 827 2220 nam

140 2263 233 2324 quum
252 2241 375 2302 solitudo
390 2245 423 2302 &
438 2245 499 2302 vita
515 2246 576 2302 sine
593 2243 690 2300 amicis
708 2241 826 2299 insidia·

140 2344 205 2384 rum
224 2322 257 2382 &
270 2321 365 2382 mettis
383 2322 469 2402 plena
481 2324 517 2381 sit
532 2365 543 2392 ,
558 2323 631 2380 ratio
647 2320 705 2403 ipsa
724 2337 828 2382 monet

141 2403 281 2464 amicitias
299 2423 488 2483 comparare3
505 2402 607 2483 quibus
621 2405 707 2483 partis
723 2401 825 2464 confit»

141 2499 235 2544 matur
252 2486 384 2555 animus,
398 2484 429 2544 &
446 2506 463 2542 a
478 2482 528 2565 spe
547 2484 745 2566 pariendarum
763 2506 825 2546 vo·

141 2565 281 2646 luptatum
299 2562 409 2646 sejungi
427 2586 486 2624 non
506 2564 611 2646 potest.

183 2644 233 2720 67.
259 2645 359 2725 Atque
376 2646 513 2718 modia,
534 2646 672 2716 invidiae,
692 2644 822 2727 despica-

140 2726 257 2796 tiones,
274 2723 458 2784 adversantur
468 2725 682 2805 voluptatibus:
697 2727 737 2783 sic
750 2726 824 2783 ami-

140 2806 216 2864 citiae
232 2823 291 2861 non
309 2804 401 2862 modi>
417 2805 549 2865 fautrices
562 2803 755 2878 fidelissima,
773 2802 826 2862 sed

142 2884 234 2944 etiam
260 2880 416 2940 effettrices
440 2882 503 2942 sunt
526 2884 739 2963 voluptatum,
763 2898 825 2944 tam

141 2963 264 3034 amicis,
319 2962 365 3020 im
376 2959 449 3035 sibi3
463 2960 565 3042 quibus
574 2983 635 3020 non
648 2960 739 3021 solun
752 2983 828 3043 pre*

142 3043 275 3110 sentibus
310 3057 430 3118 uuntur,
448 3041 497 3107 sed
512 3043 600 3105 etiam
614 3041 664 3128 spe
680 3043 824 3130 erigunme
