2125 4067
328 533 489 601 Lxxxx
509 518 745 605 ,πωπω
799 534 872 622 '125

189 649 244 710 cis:
258 646 309 709 sed
318 656 416 727 quaero
427 691 436 719 ,
447 654 547 706 nonne
555 646 606 706 tibi
614 645 779 708 faciendum
792 646 874 706 idem

189 733 243 802 sit,
256 727 327 787 nihil
337 727 442 786 dicenti
455 727 566 786 bonum
577 770 586 800 ,
598 728 677 807 quod
688 748 748 788 non
761 726 875 787 tellum

148 851 150 854 ψ
189 805 404 886 honestumque
415 807 450 863 sit
460 849 470 878 ,
482 805 654 886 reliquarum
663 828 757 867 renun
775 807 873 866 discti-

191 907 266 946 men
281 905 370 945 omne
383 884 533 944 tollenti?
552 884 584 945 Si
600 887 717 967 quidem
734 931 744 962 ,
760 889 871 970 inquit,

193 966 346 1027 tollerem:
365 963 414 1024 sed
431 965 573 1045 relinquo.
866 994 868 999 ·

237 1064 284 1120 ¹4·
307 1045 448 1125 Quonam
468 1044 561 1105 modo
581 1089 591 1119 ,
614 1045 757 1124 inquam,
776 1049 799 1106 si
814 1067 873 1108 una

140 1194 142 1199 ,
188 1129 301 1198 virtus,
320 1146 409 1184 unum
426 1123 527 1198 istud,
551 1125 632 1205 quod
649 1123 800 1186 honestum
819 1148 874 1206 ap·

187 1207 300 1287 pellas,
317 1205 446 1278 rebium,
464 1205 628 1277 laudabile,
642 1204 784 1266 decorum
799 1212 813 1280 (
821 1208 875 1266 erit

189 1289 381 1347 enimnotius
398 1285 484 1366 quale
504 1289 565 1359 ait,
590 1286 719 1365 pluribus
740 1303 875 1346 notatum

188 1369 340 1428 vocabulis
361 1366 440 1425 idem
461 1365 701 1449 declarantibus)
718 1366 748 1426 id
766 1386 873 1448 ·ergo,·

189 1449 219 1506 in
242 1468 308 1507 uam
329 1491 339 1520 ‚
359 1449 382 1506 si
402 1445 493 1507 solum
510 1445 550 1508 est
567 1445 679 1507 bonum
694 1492 706 1518 ‚
723 1447 793 1528 quid
818 1447 874 1506 ha‘-

190 1469 275 1587 bebis
289 1545 446 1606 praeterea,
463 1527 543 1608 quod
556 1525 696 1608 sequare?
713 1544 780 1600 aut,
792 1528 872 1587 sini·

189 1607 231 1666 hil
245 1609 373 1681 malum,
391 1609 443 1666 nisi
458 1609 536 1688 quod
547 1624 648 1689 turpe,
665 1607 870 1681 inhonestum,

187 1687 378 1761 indecorum,
395 1710 537 1769 pravum,
551 1688 738 1771 flagitiosum,
754 1689 867 1750 foeduro

191 1767 246 1847 (ut
264 1769 320 1828 hoc
341 1791 400 1850 quo
424 1789 459 1830 ue
477 1770 604 1850 pluribus
617 1771 782 1830 nominibus
800 1772 871 1829 insi·
924 1787 926 1792 ·

188 1869 245 1927 gne
267 1791 429 1930 faciamus‘l
453 1851 521 1931 quid
545 1867 685 1930 praeterea
706 1850 784 1911 dices
811 1849 870 1910 elle

187 1926 354 2010 fugiendum
372 1929 474 1990 i'Non
489 1933 650 2012 ignoranti,
666 1931 776 2009 inquit',
794 1931 869 2003 tibi,

208 2010 255 2068 uid
279 2013 332 2070 sim
355 2009 505 2082 dicimus,
527 2008 577 2069 sed
598 2008 735 2088 aliquid,
757 2026 788 2068 ut
811 2029 870 2090 ego

184 2029 329 2169 lupico,
350 2109 387 2150 ex
405 2109 471 2151 mea
488 2089 569 2150 brevi
589 2087 638 2148 res
655 2090 777 2150 onsione
800 2091 872 2149 arri·¹

212 2188 261 2228 ere
278 2172 421 2246 cupienti,
436 2191 496 2228 non
512 2167 616 2249 respon
638 2170 697 2230 ebo
712 2171 750 2228 ad
768 2171 871 2250 singu·

187 2189 235 2307 lb:
257 2249 410 2328 explicabo
428 2251 543 2328 potiits,
560 2251 699 2328 quoniam
718 2251 805 2308 otiosi
823 2249 878 2308 su·¹

185 2349 272 2401 mus,
292 2330 345 2388 nisi
362 2328 490 2389 alienum
508 2343 608 2406 putas,
628 2344 720 2388 totam
742 2329 870 2391 Zenonis

187 2408 410 2490 Stoicorumque
422 2405 601 2469 sententiani.
618 2409 741 2470 Minime
758 2411 787 2470 id
805 2415 870 2493 qui·

188 2489 277 2563 dem,
294 2492 434 2564 immam,
459 2491 583 2551 alienum
601 2512 609 2549 t
630 2492 809 2573 multumque
829 2493 868 2553 ad

187 2589 241 2642 ea,
259 2563 499 2651 praebuerimus,
514 2572 668 2652 explicatio
678 2591 726 2631 tua
736 2571 786 2632 illa
797 2595 870 2652 pro-

185 2648 296 2710 fecerit.
309 2649 494 2731 Experiamur
504 2653 604 2733 igitur‚
620 2654 712 2732 inquit
722 2694 731 2724 ‚
743 2654 798 2712 etsi
809 2654 867 2712 ha-

184 2730 237 2790 bet
251 2731 312 2789 haec
323 2729 486 2791 Stoicorum
496 2733 570 2792 ratio
578 2729 731 2793 difficilius·
750 2731 868 2792 uiddam'

187 2810 222 2867 δι
233 2807 392 2868 obscurius:
402 2831 468 2870 natn
478 2826 566 2890 quum
576 2813 606 2869 in
616 2752 867 2876 Grtecoletmone

184 2888 249 2948 haee
265 2884 323 2966 ipsa
333 2888 480 2966 quondam
491 2907 586 2946 retum
595 2892 867 2952 nomina‘noxarum

184 2989 266 3029 nova
286 2965 485 3039 videbantur,
507 2986 570 3046 quae
590 2988 665 3027 nunc
689 2967 866 3033 consuetudo

185 3049 316 3112 diuturna
327 3049 404 3113 trivit
410 3067 421 3126 3
437 3047 506 3133 quid
516 3044 614 3112 censes
624 3046 768 3192 Mlss‘llf'
779 3048 865 3128 sotei

727 3151 756 3213 ¹¹]
