2125 4067
131 522 212 615 '296
259 520 678 589 Tuscvrarrravrr

127 635 243 697 indum
251 634 395 697 sustuleris
407 655 414 693 :
439 653 528 697 nemo
547 634 625 695 enim
639 634 749 692 moeret
763 630 813 694 sun

127 717 347 777 incommodo:
371 715 472 775 dolent
490 712 626 784 fortaffe,
649 712 683 773 ὅ(
703 732 811 793 angun-

131 813 178 857 tur
193 817 200 855 ε
215 796 265 857 sed
284 797 332 856 illa
349 796 477 876 lugubris
489 794 658 855 lamentatio
675 792 813 874 fletusque

131 896 262 937 moerens
286 897 324 938 ex
354 896 391 936 eo
413 872 479 948 est,
502 875 583 957 qued
609 892 704 947 eum,
728 890 813 954 quem

131 956 287 1017 dileximus
298 1002 308 1031 ,
319 959 387 1017 vitae
401 956 566 1016 commodis
584 956 731 1036 privatum
745 953 814 1012 arbi·

133 1053 264 1112 tramur,
280 1039 289 1095 i
331 1056 367 1098 ue
382 1034 494 1096 sentite.
507 1038 606 1116 Atque
621 1034 685 1094 haec
701 1035 742 1093 ita
752 1033 815 1094 sen·

134 1120 337 1177 timus·natura
353 1117 447 1190 duce,
461 1114 539 1176 nulla
553 1116 668 1176 ratione
682 1113 814 1194 nullique

131 1197 272 1258 dodrina.
626 1196 629 1203 ’

117 1296 120 1304 ‘
177 1274 227 1337 XI
234 1278 273 1339 V.
286 1277 446 1336 Maximum
457 1276 530 1337 verb
544 1291 747 1355 argumentum
759 1271 816 1347 eut

135 1375 266 1418 naturam
277 1357 364 1446 ipsam
378 1357 416 1417 de
426 1357 642 1417 immortalitate
655 1357 815 1414 animorum

135 1441 254 1497 tacitam
281 1438 409 1515 Judicare
433 1480 444 1507 ,
470 1436 555 1517 quud
582 1435 720 1495 omnihus
746 1453 817 1494 cura

135 1515 222 1590 sunt,
239 1517 274 1576 ¹&
291 1517 413 1576 maxime
427 1517 567 1597 quidem,
580 1536 645 1595 que
662 1513 818 1596 postmor-

136 1613 199 1657 tem
215 1596 309 1657 futura
329 1599 394 1658 siut.
417 1601 489 1657 Serr't
514 1597 642 1670 arbom,
663 1617 722 1673 quae
742 1595 819 1655 alteri

133 1677 227 1756 seculo
240 1679 369 1758 prosint,
384 1692 416 1736 ut
437 1678 476 1736 ait
490 1675 595 1737 Statius
615 1677 644 1735 in
663 1673 818 1757 Synephe-

137 1757 205 1816 bis:
235 1757 303 1838 quid
325 1756 485 1836 speum,
513 1758 567 1815 nisi
596 1758 686 1815 etiam
705 1754 818 1837 postera

137 1836 233 1897 secula
245 1838 281 1898 ad
293 1837 321 1896 se
335 1835 503 1917 pertinere?
519 1835 597 1918 Ergo
613 1837 732 1897 arbores
748 1835 819 1897 seret

137 1918 261 2000 diligens
282 1918 431 2001 agricola,
453 1938 574 1998 quarum
593 1915 731 1997 adspiciet
747 1917 818 1976 bac-

137 2020 205 2057 cam
233 1997 292 2079 ipse
319 2018 494 2078 numquam:
514 1998 560 2059 vir
581 1997 725 2078 magnusl
764 2014 818 2069 es,

137 2077 287 2151 instituta,
305 2078 513 2158 rempublicam
532 2098 594 2137 non
610 2075 711 2137 seret?
727 2016 819 2154 e&uid

136 2162 301 2238 procreatio
313 2158 467 2218 liberorum
479 2202 488 2230 ,
504 2158 573 2236 quid
584 2158 757 2238 propagatio
769 2177 821 2215 no·

137 2240 224 2297 minis
247 2286 256 2314 ,
287 2239 356 2320 quid
382 2239 555 2316 adoptiones
572 2236 721 2310 filiorum,
752 2234 820 2317 quid

138 2317 376 2379 testamentorum
391 2319 537 2398 diligentia
549 2363 561 2390 ‚
576 2318 646 2399 quid
657 2317 716 2397 ipsa
727 2315 820 2396 sepul·

137 2418 255 2456 erorum
273 2415 482 2470 monumenta,
510 2398 579 2478 quid
598 2398 694 2478 elogia
711 2393 818 2516 sipariu-

138 2493 205 2534 cant
220 2521 229 2549 ,
246 2480 297 2535 nisi
317 2500 371 2537 nos
390 2478 485 2537 futura
498 2482 585 2539 etiam
599 2480 743 2560 cogitare.

181 2572 227 2633 32.
252 2555 336 2634 Quid
359 2556 453 2616 illud?
475 2580 546 2616 num
572 2559 715 2630 dubitas,
744 2554 814 2634 quin

137 2632 283 2715 specimen
310 2654 417 2695 naturae
444 2640 509 2716 capi
529 2637 633 2698 deceat
654 2658 690 2699 ex
708 2638 818 2715 optima

139 2736 252 2796 qunque
278 2716 404 2775 natura?
424 2737 489 2797 quae
509 2717 550 2777 est
569 2720 654 2798 igitur
671 2717 775 2777 melior
789 2718 820 2776 iu

137 2794 289 2858 hominum
310 2817 417 2878 genere
439 2814 562 2867 natura,
585 2798 672 2878 quam
691 2817 819 2869 eorum,

138 2879 190 2954 qui
207 2877 234 2937 se
247 2895 331 2936 natos
344 2879 384 2938 'ad
398 2879 531 2939 homines
544 2876 709 2956 juvandos,
726 2893 821 2936 tutan·

140 2957 218 3030 dos,
236 2959 446 3019 conservandos
468 2958 664 3020 arbitrantur?
688 2958 768 3020 Abiit
784 2955 820 3015 ad

138 3034 212 3102 deos
232 3038 393 3103 Hercules:
410 3060 568 3124 numquam
589 3036 724 3114 abiisset,
742 3037 820 3111 uisi,
