2125 4067
86 322 176 404 nddrn
188 321 475 404 accornmddatamm
491 363 508 401 a
521 357 622 400 namra
634 360 702 420 poo-

86 423 142 484 .mi
157 422 200 485 Ita
211 444 302 505 quum
317 443 357 483 ea·
363 422 470 483 volunt
479 423 625 493 retinere,
639 440 703 501 qua

87 505 152 565 riori
170 503 316 565 sententiae
338 505 542 576 conveniunt,
572 503 601 558 in
620 497 703 559 Aris-

86 605 122 642 nn
142 585 295 644 incidunt:
325 603 415 664 quum
435 582 464 641 id
492 581 638 663 fugiunt,
667 598 700 639 re

87 683 124 723 rm
140 663 301 724 defendunt
309 684 373 743 quae
388 661 590 742 Peripatetici3
608 659 699 720 verba

89 760 122 804 nt
147 743 321 814 mordicus,
348 762 411 823 quae
437 742 527 802 rursus
548 740 616 800 dum
642 741 698 799 sibi

87 823 106 884 li
119 843 156 884 ex
175 823 277 884 ordine
295 821 418 897 nolunt,
436 822 609 883 horridiores
625 840 698 881 eva·

87 927 108 979 1,
128 903 307 984 asperiores,
326 901 455 965 duriores
478 904 512 965 ὃ(
537 903 697 977 oratione,

87 984 202 1044 toribus.

87 1082 105 1134 r.
120 1062 219 1142 Quam
232 1063 348 1126 iliorum
363 1061 504 1125 tristitiam
518 1077 605 1143 atque
615 1058 698 1139 aspe-

87 1164 128 1205 ξω
146 1142 258 1227 fugiens
277 1143 442 1214 Panaetius,
472 1161 527 1201 nec
544 1141 700 1199 ¹acerbita-

96 1221 325 1297 sententiarum,
351 1240 405 1281 nec
435 1218 587 1281 differendi
605 1217 697 1298 spinas

87 1305 171 1375 ›avit3
186 1301 238 1362 suit
277 1305 338 1361 ein
352 1301 444 1365 altero
461 1322 568 1385 genere
582 1302 698 1376 mitior,

87 1382 169 1443 tltero
194 1324 345 1454 siddim
363 1379 475 1460 semper
496 1402 534 1442 ue
553 1380 652 1441 habuit
669 1382 699 1440 in

87 1460 248 1535 Platonem,
261 1444 467 1534 Ariitotelem,
512 1478 698 1537 enocratem,

87 1541 271 1623 ophrastum,
301 1539 525 1616 Dicaearchurn,
551 1558 590 1600 ut·
609 1542 696 1621 ipsius

88 1638 117 1685 ta
133 1622 278 1684 declarant
298 1643 306 1681 :
339 1642 413 1703 quos
431 1621 548 1703 quidem
567 1621 620 1683 tibi
636 1621 695 1682 stn-

87 1706 97 1763 ἕ
115 1703 148 1763 &
166 1704 316 1787 diligenter
331 1701 494 1768 trasiandos
512 1723 694 1787 magnopere

87 1802 129 1845 eo.

87 1881 105 1922 r.
119 1860 177 1922 Sed
190 1865 325 1940 quoniam
338 1861 562 1999 advesperascit,
577 1861 608 1920 ἃ
623 1859 696 1918 mihi

87 1941 170 1998 ‘illam
185 1941 387 2001 revertendum
403 1960 418 2000 e
453 1961 463 2012 ;
482 1960 558 1999 nunc
576 1939 696 2018 quidem

87 2038 170 2074 enus:
186 2020 288 2073 verirm
301 2018 358 2072 hoc
372 2018 450 2072 idem
465 2017 538 2072 saene
549 2017 696 2072 faciamus.
