<?xml version="1.0" encoding="UTF-8"?>
<!DOCTYPE html PUBLIC "-//W3C//DTD XHTML 1.0 Transitional//EN"
    "http://www.w3.org/TR/xhtml1/DTD/xhtml1-transitional.dtd">
<html xmlns="http://www.w3.org/1999/xhtml" xml:lang="en" lang="en">
 <head>
  <title>
</title>
<meta http-equiv="Content-Type" content="text/html;charset=utf-8" />
  <meta name='ocr-system' content='tesseract 3.04.00' />
  <meta name='ocr-capabilities' content='ocr_page ocr_carea ocr_par ocr_line ocrx_word'/>
</head>
<body>
  <div class='ocr_page' id='page_1' title='image "./mtulliiciceroni00lallgoog_0246.png"; bbox 0 0 2125 4067; ppageno 0'>
   <div class='ocr_carea' id='block_1_1' title="bbox 175 440 738 562">
    <p class='ocr_par' dir='ltr' id='par_1_1' title="bbox 175 440 738 562">
     <span class='ocr_line' id='line_1_1' title="bbox 175 440 738 562; baseline -0.023 -23"><span class='ocrx_word' id='word_1_1' title='bbox 175 461 257 562; x_wconf 66' lang='lat'>25&#39;6</span> <span class='ocrx_word' id='word_1_2' title='bbox 317 460 404 533; x_wconf 72' lang='lat' dir='ltr'>va</span> <span class='ocrx_word' id='word_1_3' title='bbox 435 440 738 529; x_wconf 57' lang='lat' dir='ltr'>rrnrnu&#39;r&#39;ss</span> 
     </span>
    </p>
   </div>
   <div class='ocr_carea' id='block_1_2' title="bbox 172 568 865 2657">
    <p class='ocr_par' dir='ltr' id='par_1_2' title="bbox 172 568 862 1278">
     <span class='ocr_line' id='line_1_2' title="bbox 175 568 859 661; baseline -0.01 -20"><span class='ocrx_word' id='word_1_4' title='bbox 175 581 277 661; x_wconf 79' lang='lat' dir='ltr'>Quum</span> <span class='ocrx_word' id='word_1_5' title='bbox 289 591 386 639; x_wconf 85' lang='lat' dir='ltr'>autem</span> <span class='ocrx_word' id='word_1_6' title='bbox 403 575 491 636; x_wconf 85' lang='lat' dir='ltr'>etiarn</span> <span class='ocrx_word' id='word_1_7' title='bbox 508 575 599 635; x_wconf 86' lang='lat' dir='ltr'>exitus</span> <span class='ocrx_word' id='word_1_8' title='bbox 610 574 648 633; x_wconf 78' lang='lat' dir='ltr'>ab</span> <span class='ocrx_word' id='word_1_9' title='bbox 666 580 794 654; x_wconf 79' lang='lat' dir='ltr'>utroque</span> <span class='ocrx_word' id='word_1_10' title='bbox 805 568 859 635; x_wconf 74' lang='lat' dir='ltr'>‹la-⁰</span> 
     </span>
     <span class='ocr_line' id='line_1_3' title="bbox 174 654 862 735; baseline -0.009 -16"><span class='ocrx_word' id='word_1_11' title='bbox 174 679 222 720; x_wconf 87' lang='lat' dir='ltr'>rur</span> <span class='ocrx_word' id='word_1_12' title='bbox 244 658 418 718; x_wconf 83' lang='lat' dir='ltr'>conturbato</span> <span class='ocrx_word' id='word_1_13' title='bbox 439 657 601 735; x_wconf 74' lang='lat' dir='ltr'>errantique</span> <span class='ocrx_word' id='word_1_14' title='bbox 612 654 694 734; x_wconf 81' lang='lat' dir='ltr'>regi:</span> <span class='ocrx_word' id='word_1_15' title='bbox 713 654 803 713; x_wconf 77' lang='lat' dir='ltr'>ambo</span> <span class='ocrx_word' id='word_1_16' title='bbox 814 664 862 713; x_wconf 68' lang='lat' dir='ltr'>ero&#39;</span> 
     </span>
     <span class='ocr_line' id='line_1_4' title="bbox 174 733 861 821; baseline -0.01 -22"><span class='ocrx_word' id='word_1_17' title='bbox 174 754 215 821; x_wconf 74' lang='lat' dir='ltr'>go</span> <span class='ocrx_word' id='word_1_18' title='bbox 227 739 284 798; x_wconf 70' lang='lat' dir='ltr'>uni</span> <span class='ocrx_word' id='word_1_19' title='bbox 299 740 400 797; x_wconf 83' lang='lat' dir='ltr'>vivere</span> <span class='ocrx_word' id='word_1_20' title='bbox 410 754 571 816; x_wconf 85' lang='lat' dir='ltr'><strong>precamur.</strong></span> <span class='ocrx_word' id='word_1_21' title='bbox 585 733 715 812; x_wconf 84' lang='lat' dir='ltr'><strong>Quoties</strong></span> <span class='ocrx_word' id='word_1_22' title='bbox 726 733 785 793; x_wconf 91' lang='lat' dir='ltr'>boc</span> <span class='ocrx_word' id='word_1_23' title='bbox 798 734 861 814; x_wconf 72' lang='lat' dir='ltr'>agi⁴</span> 
     </span>
     <span class='ocr_line' id='line_1_5' title="bbox 173 813 859 899; baseline -0.007 -22"><span class='ocrx_word' id='word_1_24' title='bbox 173 835 220 878; x_wconf 87' lang='lat' dir='ltr'>tur</span> <span class='ocrx_word' id='word_1_25' title='bbox 247 863 257 889; x_wconf 91' lang='lat'>,</span> <span class='ocrx_word' id='word_1_26' title='bbox 283 816 475 899; x_wconf 87' lang='lat' dir='ltr'>ecquandove</span> <span class='ocrx_word' id='word_1_27' title='bbox 501 857 511 887; x_wconf 91' lang='lat'>,</span> <span class='ocrx_word' id='word_1_28' title='bbox 541 815 596 872; x_wconf 89' lang='lat' dir='ltr'>nisi</span> <span class='ocrx_word' id='word_1_29' title='bbox 620 813 859 874; x_wconf 71' lang='lat' dir='ltr'>admirationibus</span> 
     </span>
     <span class='ocr_line' id='line_1_6' title="bbox 172 891 859 974; baseline -0.009 -15"><span class='ocrx_word' id='word_1_30' title='bbox 172 898 325 959; x_wconf 82' lang='lat' dir='ltr'>maximis?</span> <span class='ocrx_word' id='word_1_31' title='bbox 345 896 445 956; x_wconf 86' lang='lat' dir='ltr'>Nemo</span> <span class='ocrx_word' id='word_1_32' title='bbox 461 891 620 974; x_wconf 77' lang='lat' dir='ltr'>elligitur,</span> <span class='ocrx_word' id='word_1_33' title='bbox 641 894 692 974; x_wconf 88' lang='lat' dir='ltr'>qui</span> <span class='ocrx_word' id='word_1_34' title='bbox 709 915 772 953; x_wconf 92' lang='lat' dir='ltr'>non</span> <span class='ocrx_word' id='word_1_35' title='bbox 786 893 859 953; x_wconf 84' lang='lat' dir='ltr'>hane</span> 
     </span>
     <span class='ocr_line' id='line_1_7' title="bbox 173 972 858 1054; baseline -0.009 -15"><span class='ocrx_word' id='word_1_36' title='bbox 173 975 358 1039; x_wconf 70' lang='lat' dir='ltr'>affeblionem</span> <span class='ocrx_word' id='word_1_37' title='bbox 377 977 464 1034; x_wconf 90' lang='lat' dir='ltr'>animi</span> <span class='ocrx_word' id='word_1_38' title='bbox 487 975 595 1052; x_wconf 88' lang='lat' dir='ltr'>probet</span> <span class='ocrx_word' id='word_1_39' title='bbox 619 991 707 1054; x_wconf 86' lang='lat' dir='ltr'>atque</span> <span class='ocrx_word' id='word_1_40' title='bbox 731 972 858 1047; x_wconf 86' lang='lat' dir='ltr'>laudet;</span> 
     </span>
     <span class='ocr_line' id='line_1_8' title="bbox 195 1053 860 1133; baseline -0.006 -16"><span class='ocrx_word' id='word_1_41' title='bbox 195 1059 231 1116; x_wconf 71' lang='lat' dir='ltr'>ui</span> <span class='ocrx_word' id='word_1_42' title='bbox 257 1078 318 1117; x_wconf 90' lang='lat' dir='ltr'>non</span> <span class='ocrx_word' id='word_1_43' title='bbox 339 1056 431 1115; x_wconf 75' lang='lat' dir='ltr'>modb&#39;</span> <span class='ocrx_word' id='word_1_44' title='bbox 456 1054 563 1113; x_wconf 86' lang='lat' dir='ltr'>utilitas</span> <span class='ocrx_word' id='word_1_45' title='bbox 587 1053 665 1113; x_wconf 82' lang='lat' dir='ltr'>nulla</span> <span class='ocrx_word' id='word_1_46' title='bbox 691 1057 860 1133; x_wconf 81' lang='lat' dir='ltr'>queritur,</span> 
     </span>
     <span class='ocr_line' id='line_1_9' title="bbox 172 1074 859 1278; baseline -0.004 -82"><span class='ocrx_word' id='word_1_47' title='bbox 172 1074 225 1278; x_wconf 66' lang='lat' dir='ltr'>{ed</span> <span class='ocrx_word' id='word_1_48' title='bbox 254 1153 355 1198; x_wconf 87' lang='lat' dir='ltr'>contra</span> <span class='ocrx_word' id='word_1_49' title='bbox 380 1136 535 1196; x_wconf 84' lang='lat' dir='ltr'>utilitatem</span> <span class='ocrx_word' id='word_1_50' title='bbox 563 1134 652 1193; x_wconf 88' lang='lat' dir='ltr'>etiam</span> <span class='ocrx_word' id='word_1_51' title='bbox 665 1131 859 1196; x_wconf 79' lang='lat' dir='ltr'>eonservatnr</span> 
     </span>
     <span class='ocr_line' id='line_1_10' title="bbox 199 1218 261 1278; baseline -0.016 0"><span class='ocrx_word' id='word_1_52' title='bbox 199 1218 261 1278; x_wconf 86' lang='lat' dir='ltr'>des.</span> 
     </span>
    </p>

    <p class='ocr_par' dir='ltr' id='par_1_3' title="bbox 173 1290 865 2657">
     <span class='ocr_line' id='line_1_11' title="bbox 214 1290 859 1376; baseline -0.009 -18"><span class='ocrx_word' id='word_1_53' title='bbox 214 1298 264 1372; x_wconf 81' lang='grc'>64.</span> <span class='ocrx_word' id='word_1_54' title='bbox 287 1294 407 1357; x_wconf 83' lang='lat' dir='ltr'>Talibus</span> <span class='ocrx_word' id='word_1_55' title='bbox 431 1293 572 1376; x_wconf 83' lang='lat' dir='ltr'>exemplis</span> <span class='ocrx_word' id='word_1_56' title='bbox 590 1312 650 1354; x_wconf 88' lang='lat' dir='ltr'>non</span> <span class='ocrx_word' id='word_1_57' title='bbox 672 1290 747 1353; x_wconf 72' lang='lat' dir='ltr'>fittae</span> <span class='ocrx_word' id='word_1_58' title='bbox 768 1290 859 1353; x_wconf 79' lang='lat' dir='ltr'>solum</span> 
     </span>
     <span class='ocr_line' id='line_1_12' title="bbox 175 1373 860 1449; baseline -0.007 -11"><span class='ocrx_word' id='word_1_59' title='bbox 175 1375 280 1438; x_wconf 74' lang='lat' dir='ltr'>fabule</span> <span class='ocrx_word' id='word_1_60' title='bbox 301 1420 313 1449; x_wconf 86' lang='lat'><em>,</em></span> <span class='ocrx_word' id='word_1_61' title='bbox 342 1379 444 1438; x_wconf 76' lang='lat' dir='ltr'>verium</span> <span class='ocrx_word' id='word_1_62' title='bbox 480 1379 568 1436; x_wconf 87' lang='lat' dir='ltr'>eriam</span> <span class='ocrx_word' id='word_1_63' title='bbox 597 1373 722 1434; x_wconf 79' lang='lat' dir='ltr'>historiae</span> <span class='ocrx_word' id='word_1_64' title='bbox 748 1373 860 1434; x_wconf 80' lang='lat' dir='ltr'>refertae</span> 
     </span>
     <span class='ocr_line' id='line_1_13' title="bbox 175 1450 861 1536; baseline -0.004 -20"><span class='ocrx_word' id='word_1_65' title='bbox 175 1454 267 1531; x_wconf 86' lang='lat' dir='ltr'>sunt,</span> <span class='ocrx_word' id='word_1_66' title='bbox 296 1458 327 1517; x_wconf 74' lang='grc' dir='ltr'>ὃ(</span> <span class='ocrx_word' id='word_1_67' title='bbox 352 1457 471 1536; x_wconf 91' lang='lat' dir='ltr'>quidem</span> <span class='ocrx_word' id='word_1_68' title='bbox 499 1454 624 1516; x_wconf 69' lang='lat' dir='ltr'>maxime</span> <span class='ocrx_word' id='word_1_69' title='bbox 653 1452 769 1514; x_wconf 82' lang='lat' dir='ltr'>nostrae.</span> <span class='ocrx_word' id='word_1_70' title='bbox 797 1450 861 1513; x_wconf 82' lang='lat' dir='ltr'>Nos</span> 
     </span>
     <span class='ocr_line' id='line_1_14' title="bbox 175 1534 859 1614; baseline -0.007 -17"><span class='ocrx_word' id='word_1_71' title='bbox 175 1540 253 1597; x_wconf 86' lang='lat' dir='ltr'>enim</span> <span class='ocrx_word' id='word_1_72' title='bbox 273 1537 309 1596; x_wconf 94' lang='lat' dir='ltr'>ad</span> <span class='ocrx_word' id='word_1_73' title='bbox 334 1535 409 1595; x_wconf 87' lang='lat' dir='ltr'>sacra</span> <span class='ocrx_word' id='word_1_74' title='bbox 428 1535 504 1595; x_wconf 82' lang='lat' dir='ltr'>ldaea</span> <span class='ocrx_word' id='word_1_75' title='bbox 521 1534 689 1614; x_wconf 88' lang='lat' dir='ltr'>accipienda</span> <span class='ocrx_word' id='word_1_76' title='bbox 716 1535 859 1614; x_wconf 75' lang='lat' dir='ltr'>optImum</span> 
     </span>
     <span class='ocr_line' id='line_1_15' title="bbox 173 1616 860 1698; baseline -0.003 -21"><span class='ocrx_word' id='word_1_77' title='bbox 173 1620 270 1679; x_wconf 78' lang='lat' dir='ltr'>virum</span> <span class='ocrx_word' id='word_1_78' title='bbox 285 1617 461 1698; x_wconf 85' lang='lat' dir='ltr'>delegimus:</span> <span class='ocrx_word' id='word_1_79' title='bbox 481 1637 536 1676; x_wconf 91' lang='lat' dir='ltr'>nos</span> <span class='ocrx_word' id='word_1_80' title='bbox 548 1631 658 1675; x_wconf 87' lang='lat' dir='ltr'>tutores</span> <span class='ocrx_word' id='word_1_81' title='bbox 672 1616 803 1674; x_wconf 83' lang='lat' dir='ltr'>misimus</span> <span class='ocrx_word' id='word_1_82' title='bbox 815 1632 860 1675; x_wconf 86' lang='lat' dir='ltr'>re·</span> 
     </span>
     <span class='ocr_line' id='line_1_16' title="bbox 175 1692 864 1779; baseline -0.006 -22"><span class='ocrx_word' id='word_1_83' title='bbox 175 1699 276 1779; x_wconf 84' lang='lat' dir='ltr'>gibus:</span> <span class='ocrx_word' id='word_1_84' title='bbox 297 1696 384 1757; x_wconf 80' lang='lat' dir='ltr'>nostri</span> <span class='ocrx_word' id='word_1_85' title='bbox 407 1699 597 1775; x_wconf 85' lang='lat' dir='ltr'>imperatores</span> <span class='ocrx_word' id='word_1_86' title='bbox 618 1714 673 1775; x_wconf 89' lang='lat' dir='ltr'>pro</span> <span class='ocrx_word' id='word_1_87' title='bbox 693 1692 784 1754; x_wconf 86' lang='lat' dir='ltr'>salute</span> <span class='ocrx_word' id='word_1_88' title='bbox 808 1714 864 1773; x_wconf 60' lang='lat' dir='ltr'>pan</span> 
     </span>
     <span class='ocr_line' id='line_1_17' title="bbox 175 1773 862 1856; baseline -0.001 -20"><span class='ocrx_word' id='word_1_89' title='bbox 175 1780 237 1836; x_wconf 84' lang='lat' dir='ltr'>rriae</span> <span class='ocrx_word' id='word_1_90' title='bbox 255 1776 302 1836; x_wconf 89' lang='lat' dir='ltr'>sua</span> <span class='ocrx_word' id='word_1_91' title='bbox 320 1778 413 1856; x_wconf 89' lang='lat' dir='ltr'>capita</span> <span class='ocrx_word' id='word_1_92' title='bbox 431 1792 596 1837; x_wconf 80' lang='lat' dir='ltr'>voverunt:</span> <span class='ocrx_word' id='word_1_93' title='bbox 616 1773 705 1834; x_wconf 86' lang='lat' dir='ltr'>nostri</span> <span class='ocrx_word' id='word_1_94' title='bbox 731 1773 862 1835; x_wconf 79' lang='lat' dir='ltr'>consules</span> 
     </span>
     <span class='ocr_line' id='line_1_18' title="bbox 175 1850 861 1938; baseline -0.006 -21"><span class='ocrx_word' id='word_1_95' title='bbox 175 1876 276 1938; x_wconf 82' lang='lat' dir='ltr'>regem</span> <span class='ocrx_word' id='word_1_96' title='bbox 295 1857 547 1927; x_wconf 84' lang='lat' dir='ltr'>inimicissimum,</span> <span class='ocrx_word' id='word_1_97' title='bbox 567 1854 711 1914; x_wconf 88' lang='lat' dir='ltr'>moenibus</span> <span class='ocrx_word' id='word_1_98' title='bbox 731 1850 792 1933; x_wconf 71' lang='lat' dir='ltr'>ja&#39;m</span> <span class='ocrx_word' id='word_1_99' title='bbox 811 1874 861 1934; x_wconf 80' lang='lat' dir='ltr'>ap-</span> 
     </span>
     <span class='ocr_line' id='line_1_19' title="bbox 175 1939 861 2018; baseline -0.001 -22"><span class='ocrx_word' id='word_1_100' title='bbox 175 1939 449 2018; x_wconf 82' lang='lat' dir='ltr'>propinquantem,</span> <span class='ocrx_word' id='word_1_101' title='bbox 476 1951 680 2006; x_wconf 85' lang='lat' dir='ltr'>monuerunt,</span> <span class='ocrx_word' id='word_1_102' title='bbox 700 1956 722 1994; x_wconf 89' lang='lat' dir='ltr'>a·</span> <span class='ocrx_word' id='word_1_103' title='bbox 744 1952 861 1995; x_wconf 77' lang='lat' dir='ltr'>veneno</span> 
     </span>
     <span class='ocr_line' id='line_1_20' title="bbox 175 2014 865 2097; baseline -0.001 -22"><span class='ocrx_word' id='word_1_104' title='bbox 175 2034 208 2076; x_wconf 88' lang='lat' dir='ltr'>ut</span> <span class='ocrx_word' id='word_1_105' title='bbox 223 2035 358 2078; x_wconf 86' lang='lat' dir='ltr'>caveret:</span> <span class='ocrx_word' id='word_1_106' title='bbox 373 2016 468 2077; x_wconf 86' lang='lat' dir='ltr'>nostra</span> <span class='ocrx_word' id='word_1_107' title='bbox 483 2019 512 2075; x_wconf 94' lang='lat' dir='ltr'>in</span> <span class='ocrx_word' id='word_1_108' title='bbox 526 2016 673 2097; x_wconf 75' lang='lat' dir='ltr'>republica</span> <span class='ocrx_word' id='word_1_109' title='bbox 687 2014 720 2075; x_wconf 76' lang='grc' dir='ltr'>δι</span> <span class='ocrx_word' id='word_1_110' title='bbox 735 2022 799 2096; x_wconf 82' lang='lat' dir='ltr'>quae</span> <span class='ocrx_word' id='word_1_111' title='bbox 810 2032 865 2094; x_wconf 72' lang='lat' dir='ltr'>pen</span> 
     </span>
     <span class='ocr_line' id='line_1_21' title="bbox 175 2095 860 2157; baseline -0.004 -1"><span class='ocrx_word' id='word_1_112' title='bbox 175 2099 238 2156; x_wconf 80' lang='lat' dir='ltr'>vim</span> <span class='ocrx_word' id='word_1_113' title='bbox 268 2097 398 2157; x_wconf 87' lang='lat' dir='ltr'>oblatum</span> <span class='ocrx_word' id='word_1_114' title='bbox 424 2096 464 2155; x_wconf 80' lang='lat' dir='ltr'>liu</span> <span class='ocrx_word' id='word_1_115' title='bbox 488 2117 550 2156; x_wconf 90' lang='lat' dir='ltr'>rum</span> <span class='ocrx_word' id='word_1_116' title='bbox 576 2095 740 2156; x_wconf 69' lang='lat' dir='ltr'>voluntarii</span> <span class='ocrx_word' id='word_1_117' title='bbox 766 2110 860 2155; x_wconf 87' lang='lat' dir='ltr'>morte</span> 
     </span>
     <span class='ocr_line' id='line_1_22' title="bbox 175 2118 864 2257; baseline -0.003 -21"><span class='ocrx_word' id='word_1_118' title='bbox 175 2177 292 2249; x_wconf 87' lang='lat' dir='ltr'>lueret,</span> <span class='ocrx_word' id='word_1_119' title='bbox 312 2180 430 2236; x_wconf 83' lang='lat' dir='ltr'>inventa</span> <span class='ocrx_word' id='word_1_120' title='bbox 443 2118 486 2235; x_wconf 57' lang='lat' dir='ltr'>ei</span> <span class='ocrx_word' id='word_1_121' title='bbox 495 2196 504 2249; x_wconf 91' lang='lat'>;</span> <span class='ocrx_word' id='word_1_122' title='bbox 524 2178 619 2257; x_wconf 88' lang='lat' dir='ltr'>&amp;qui</span> <span class='ocrx_word' id='word_1_123' title='bbox 636 2170 811 2235; x_wconf 86' lang='lat' dir='ltr'>interficeret</span> <span class='ocrx_word' id='word_1_124' title='bbox 831 2170 864 2234; x_wconf 84' lang='lat' dir='ltr'>fi·</span> 
     </span>
     <span class='ocr_line' id='line_1_23' title="bbox 176 2255 863 2336; baseline -0.003 -20"><span class='ocrx_word' id='word_1_125' title='bbox 176 2257 270 2328; x_wconf 73' lang='lat' dir='ltr'>liam3</span> <span class='ocrx_word' id='word_1_126' title='bbox 294 2277 331 2316; x_wconf 92' lang='lat' dir='ltr'>ne</span> <span class='ocrx_word' id='word_1_127' title='bbox 352 2256 549 2335; x_wconf 88' lang='lat' dir='ltr'>stupraretur:</span> <span class='ocrx_word' id='word_1_128' title='bbox 572 2277 636 2336; x_wconf 87' lang='lat' dir='ltr'>quae</span> <span class='ocrx_word' id='word_1_129' title='bbox 652 2255 771 2336; x_wconf 88' lang='lat' dir='ltr'>quidem</span> <span class='ocrx_word' id='word_1_130' title='bbox 795 2274 863 2316; x_wconf 89' lang='lat' dir='ltr'>om·</span> 
     </span>
     <span class='ocr_line' id='line_1_24' title="bbox 177 2333 864 2418; baseline -0.003 -21"><span class='ocrx_word' id='word_1_131' title='bbox 177 2340 246 2410; x_wconf 87' lang='lat' dir='ltr'>nia,</span> <span class='ocrx_word' id='word_1_132' title='bbox 268 2338 300 2396; x_wconf 90' lang='lat'>&amp;</span> <span class='ocrx_word' id='word_1_133' title='bbox 316 2337 532 2397; x_wconf 85' lang='lat' dir='ltr'>innumerabilia</span> <span class='ocrx_word' id='word_1_134' title='bbox 548 2353 708 2418; x_wconf 71' lang='lat' dir='ltr'>praeterea,</span> <span class='ocrx_word' id='word_1_135' title='bbox 722 2337 784 2416; x_wconf 91' lang='lat' dir='ltr'>quis</span> <span class='ocrx_word' id='word_1_136' title='bbox 800 2333 841 2395; x_wconf 88' lang='lat' dir='ltr'>est</span> <span class='ocrx_word' id='word_1_137' title='bbox 848 2345 864 2413; x_wconf 43' lang='grc' dir='ltr'>ξ’</span> 
     </span>
     <span class='ocr_line' id='line_1_25' title="bbox 178 2415 865 2554; baseline -0.004 -80"><span class='ocrx_word' id='word_1_138' title='bbox 178 2420 227 2554; x_wconf 47' lang='lat' dir='ltr'>gui</span> <span class='ocrx_word' id='word_1_139' title='bbox 245 2438 305 2476; x_wconf 87' lang='lat' dir='ltr'>non</span> <span class='ocrx_word' id='word_1_140' title='bbox 322 2418 484 2497; x_wconf 81' lang='lat' dir='ltr'>intelligat,</span> <span class='ocrx_word' id='word_1_141' title='bbox 501 2419 534 2477; x_wconf 89' lang='lat'>&amp;</span> <span class='ocrx_word' id='word_1_142' title='bbox 553 2437 626 2491; x_wconf 87' lang='lat' dir='ltr'>eos,</span> <span class='ocrx_word' id='word_1_143' title='bbox 643 2419 692 2497; x_wconf 88' lang='lat' dir='ltr'>qui</span> <span class='ocrx_word' id='word_1_144' title='bbox 710 2415 837 2477; x_wconf 87' lang='lat' dir='ltr'>fecerunt</span> <span class='ocrx_word' id='word_1_145' title='bbox 848 2436 865 2486; x_wconf 65' lang='lat'>,¹</span> 
     </span>
     <span class='ocr_line' id='line_1_26' title="bbox 200 2494 863 2575; baseline 0 -23"><span class='ocrx_word' id='word_1_146' title='bbox 200 2497 324 2575; x_wconf 87' lang='lat' dir='ltr'>ignitatis</span> <span class='ocrx_word' id='word_1_147' title='bbox 345 2494 499 2574; x_wconf 86' lang='lat' dir='ltr'>splendore</span> <span class='ocrx_word' id='word_1_148' title='bbox 525 2497 650 2570; x_wconf 68' lang='lat' dir='ltr'>dubios,</span> <span class='ocrx_word' id='word_1_149' title='bbox 677 2500 863 2556; x_wconf 84' lang='lat' dir='ltr'>immemores</span> 
     </span>
     <span class='ocr_line' id='line_1_27' title="bbox 178 2572 864 2657; baseline 0 -23"><span class='ocrx_word' id='word_1_150' title='bbox 178 2572 259 2634; x_wconf 65' lang='lat' dir='ltr'>inille</span> <span class='ocrx_word' id='word_1_151' title='bbox 286 2574 440 2634; x_wconf 86' lang='lat' dir='ltr'>utilitatum</span> <span class='ocrx_word' id='word_1_152' title='bbox 462 2574 573 2635; x_wconf 88' lang='lat' dir='ltr'>suarum</span> <span class='ocrx_word' id='word_1_153' title='bbox 591 2619 602 2651; x_wconf 84' lang='lat'><strong>,</strong></span> <span class='ocrx_word' id='word_1_154' title='bbox 623 2575 759 2657; x_wconf 88' lang='lat' dir='ltr'>nosque,</span> <span class='ocrx_word' id='word_1_155' title='bbox 775 2592 864 2655; x_wconf 88' lang='lat' dir='ltr'>quum</span> 
     </span>
    </p>
   </div>
   <div class='ocr_carea' id='block_1_3' title="bbox 178 2652 866 2795">
    <p class='ocr_par' dir='ltr' id='par_1_4' title="bbox 178 2652 866 2795">
     <span class='ocr_line' id='line_1_28' title="bbox 178 2652 866 2794; baseline 0.004 -82"><span class='ocrx_word' id='word_1_156' title='bbox 178 2674 215 2794; x_wconf 51' lang='lat' dir='ltr'>tia</span> <span class='ocrx_word' id='word_1_157' title='bbox 237 2654 406 2776; x_wconf 47' lang='lat' dir='ltr'>lapidemur,</span> <span class='ocrx_word' id='word_1_158' title='bbox 423 2656 501 2718; x_wconf 70' lang='lat' dir='ltr'>nulli</span> <span class='ocrx_word' id='word_1_159' title='bbox 514 2657 570 2717; x_wconf 75' lang='lat' dir='ltr'>alia</span> <span class='ocrx_word' id='word_1_160' title='bbox 582 2677 614 2719; x_wconf 86' lang='lat' dir='ltr'>re</span> <span class='ocrx_word' id='word_1_161' title='bbox 627 2700 637 2730; x_wconf 89' lang='lat'>,</span> <span class='ocrx_word' id='word_1_162' title='bbox 650 2658 704 2718; x_wconf 88' lang='lat' dir='ltr'>nisi</span> <span class='ocrx_word' id='word_1_163' title='bbox 715 2652 866 2717; x_wconf 80' lang='lat' dir='ltr'>honestate</span> 
     </span>
     <span class='ocr_line' id='line_1_29' title="bbox 205 2756 272 2795; baseline -0.015 -1"><span class='ocrx_word' id='word_1_164' title='bbox 205 2756 249 2795; x_wconf 88' lang='lat' dir='ltr'>ucr</span> <span class='ocrx_word' id='word_1_165' title='bbox 265 2780 272 2793; x_wconf 91' lang='lat'>.</span> 
     </span>
    </p>
   </div>
   <div class='ocr_carea' id='block_1_4' title="bbox 81 2784 872 3061">
    <p class='ocr_par' dir='ltr' id='par_1_5' title="bbox 81 2784 872 3061">
     <span class='ocr_line' id='line_1_30' title="bbox 217 2784 865 2898; baseline 0.003 -24"><span class='ocrx_word' id='word_1_166' title='bbox 217 2813 354 2876; x_wconf 89' lang='lat' dir='ltr'><strong>XXIII.</strong></span> <span class='ocrx_word' id='word_1_167' title='bbox 380 2791 497 2896; x_wconf 87' lang='lat' dir='ltr'>Quibus</span> <span class='ocrx_word' id='word_1_168' title='bbox 513 2817 599 2877; x_wconf 88' lang='lat' dir='ltr'>rebus</span> <span class='ocrx_word' id='word_1_169' title='bbox 619 2784 762 2898; x_wconf 71' lang='lat' dir='ltr'>eipositis</span> <span class='ocrx_word' id='word_1_170' title='bbox 784 2823 799 2896; x_wconf 86' lang='lat'><strong>(</strong></span> <span class='ocrx_word' id='word_1_171' title='bbox 810 2834 865 2877; x_wconf 85' lang='lat' dir='ltr'>nec</span> 
     </span>
     <span class='ocr_line' id='line_1_31' title="bbox 81 2894 868 2978; baseline 0.008 -27"><span class='ocrx_word' id='word_1_172' title='bbox 81 2947 84 2951; x_wconf 79' lang='grc'>,</span> <span class='ocrx_word' id='word_1_173' title='bbox 177 2898 257 2955; x_wconf 85' lang='lat' dir='ltr'>enim</span> <span class='ocrx_word' id='word_1_174' title='bbox 282 2894 344 2956; x_wconf 89' lang='lat' dir='ltr'>sum</span> <span class='ocrx_word' id='word_1_175' title='bbox 374 2899 518 2978; x_wconf 89' lang='lat' dir='ltr'>copiam,</span> <span class='ocrx_word' id='word_1_176' title='bbox 543 2919 630 2978; x_wconf 87' lang='lat' dir='ltr'>quam</span> <span class='ocrx_word' id='word_1_177' title='bbox 660 2898 775 2977; x_wconf 86' lang='lat' dir='ltr'>potui,</span> <span class='ocrx_word' id='word_1_178' title='bbox 801 2899 868 2978; x_wconf 80' lang='lat' dir='ltr'>quia&#39;</span> 
     </span>
     <span class='ocr_line' id='line_1_32' title="bbox 176 2975 872 3061; baseline 0.006 -24"><span class='ocrx_word' id='word_1_179' title='bbox 176 2975 362 3043; x_wconf 83' lang='lat' dir='ltr'>dubitatioin</span> <span class='ocrx_word' id='word_1_180' title='bbox 374 2999 406 3046; x_wconf 83' lang='lat' dir='ltr'>re</span> <span class='ocrx_word' id='word_1_181' title='bbox 425 2979 503 3045; x_wconf 83' lang='lat' dir='ltr'>nulla</span> <span class='ocrx_word' id='word_1_182' title='bbox 514 2996 596 3056; x_wconf 84' lang='lat' dir='ltr'>erat,</span> <span class='ocrx_word' id='word_1_183' title='bbox 611 2977 780 3061; x_wconf 80' lang='lat' dir='ltr'>persecutus</span> <span class='ocrx_word' id='word_1_184' title='bbox 790 2975 807 3060; x_wconf 86' lang='lat'>)</span> <span class='ocrx_word' id='word_1_185' title='bbox 817 2975 872 3041; x_wconf 72' lang='lat' dir='ltr'>see</span> 
     </span>
    </p>
   </div>
   <div class='ocr_carea' id='block_1_5' title="bbox 0 0 1070 4067">
    <p class='ocr_par' dir='ltr' id='par_1_6' title="bbox 0 0 1070 4067">
     <span class='ocr_line' id='line_1_33' title="bbox 0 0 1070 4067; baseline 0 0"><span class='ocrx_word' id='word_1_186' title='bbox 0 0 1070 4067; x_wconf 95' lang='lat' dir='ltr'> </span> 
     </span>
    </p>
   </div>
  </div>
 </body>
</html>
