2125 4067
250 492 404 562 Linea
444 505 726 560 estanoris.
775 508 829 582 97

136 607 179 667 ab
201 605 327 688 Epicuro
351 622 497 688 praecepta
521 605 647 666 dantur:
670 604 703 664 δι
728 619 830 663 tamen

138 708 201 746 non
230 691 315 748 tantis
344 685 532 767 vedigalibus
559 685 597 745 ad
627 683 831 745 liberalitatem

137 786 250 839 utens,
275 770 363 828 etiam
380 768 442 827 sine
459 765 512 825 hac
534 763 666 840 Pyladea
686 767 832 836 amicitia,

139 845 303 904 multotum
328 863 359 905 te
386 843 602 906 benevolenti&
626 845 762 925 praeclare
796 843 831 905 &

142 923 333 995 tuebete‚&
354 925 478 984 muniet.
569 946 572 951 ’

184 1001 235 1081 85.
259 1002 302 1064 At
319 1004 438 1086 quicum
451 1000 540 1081 joca,
551 999 638 1074 seria,
657 1018 690 1062 ut
711 1001 836 1076 dicitur}

165 1085 263 1142 uicum
286 1105 390 1144 arcana
406 1126 422 1156 ,-
461 1085 554 1142 uicum
577 1081 834 1145 occultatomniai

176 1183 261 1224 ecum
280 1165 393 1244 optime
411 1184 418 1223 ε
437 1103 546 1223 deinde
570 1161 658 1221 etiam
680 1180 745 1220 curn
767 1181 835 1222 me·

141 1243 234 1303 diocri
253 1248 361 1305 amico.
387 1243 448 1305 Sed
461 1242 508 1322 fac
526 1239 578 1300 ista
598 1239 729 1301 ellenon
744 1242 837 1321 inop-

141 1341 287 1405 portuna:
310 1323 382 1406 quid
405 1324 443 1384 atl
463 1322 618 1384 utilitatem
639 1338 726 1381 tantae
746 1341 838 1401 pecu·

144 1403 222 1464 niae?
235 1403 329 1465 Vides
350 1407 359 1464 i
380 1407 454 1477 itur,
466 1406 488 1464 si
502 1403 657 1462 amicitiam
669 1401 715 1462 sul
730 1403 838 1461 carita·

144 1499 176 1544 te
187 1484 326 1559 metiare,
336 1425 406 1543 niis!
417 1483 473 1546 elle
506 1481 662 1544 raestantius
674 1503 682 1535 :
694 1485 738 1541 sin
749 1503 837 1544 emo·

145 1563 303 1637 lumento,
324 1562 464 1624 summas·
504 1563 678 1623 miliaritates
703 1564 836 1644 praedio·

143 1663 210 1703 rom
233 1642 426 1725 pretiosorum
450 1643 587 1705 mercede
613 1642 748 1724 superari.
779 1643 835 1706 Me

143 1726 230 1804 igitur
247 1722 339 1806 ipsum
365 1745 444 1786 ames
464 1740 608 1806 oportet,
622 1744 685 1785 non
700 1743 792 1800 mer,
810 1727 835 1786 si

144 1807 209 1866 veri
227 1806 311 1866 amici
327 1803 413 1866 futuri
430 1804 537 1866 sumus.
773 1846 777 1857 .

152 1924 155 1928 ι
186 1882 345 1948 XXVII.
369 1885 431 1948 Sed
446 1889 476 1946 in
491 1887 579 1946 rebus
592 1885 777 1966 apertissimis
790 1884 837 1944 ni·

143 1967 237 2026 miitm
251 1966 333 2048 longi
347 1964 459 2027 sumus:
473 1965 605 2046 perfetio
621 1968 699 2024 enim
715 1966 750 2026 ὃ(
766 1985 840 2024 cond

135 2045 248 2119 eluso,
267 2066 363 2127 neque
384 2047 564 2117 virtutibus,
588 2065 683 2125 neque
704 2047 837 2104 amicitiis

140 2127 267 2205 *usquam
282 2126 380 2185 locum
400 2124 456 2186 elle
468 2171 477 2196 ‚
488 2128 512 2186 si
522 2126 560 2184 ad
572 2120 757 2206 voluptatem
770 2147 837 2185 om-

146 2207 196 2264 nia
209 2203 368 2264 referantur
382 2226 391 2277 3
409 2206 481 2264 nihil
493 2222 633 2286 praterea
651 2225 834 2286 magnopere

146 2283 325 2344 dicendum:
344 2299 471 2343 attamen
483 2327 493 2355 ‚
505 2304 543 2343 ne
560 2285 607 2342 cui
625 2283 693 2344 loco
708 2306 769 2344 non
790 2287 837 2344 vi-

144 2365 251 2427 deatur
271 2361 328 2426 effe
344 2361 532 2445 responsum,
550 2384 640 2444 pauca
658 2365 745 2424 etiam
759 2385 836 2428 nunc

145 2446 244 2506 dicam
259 2444 296 2504 ad
314 2442 455 2525 reliquam
471 2447 635 2505 orationem
652 2461 742 2505 tuam.

154 2565 159 2573 .
188 2523 238 2586 86.
257 2524 410 2606 Quoniam
429 2529 516 2608 igitur
531 2528 626 2586 omnis
643 2525 751 2588 summa
769 2527 836 2608 phi·

146 2603 286 2686 losophiae
306 2606 342 2666 ad
357 2605 442 2667 beate
459 2605 621 2668 vivendum
639 2607 837 2682 refertur‚id·

169 2706 206 2746 ue
224 2706 313 2746 unum
333 2703 502 2767 expetentes
513 2687 655 2749 ,homines
672 2687 701 2746 se
720 2689 757 2747 ad
775 2689 835 2748 hoc

140 2708 275 2828 ⁴'duditant
296 2767 501 2840 contulerunt3
519 2768 606 2828 beate
622 2784 721 2826 autem
734 2770 838 2826 vivere

149 2844 197 2905 alii
212 2845 242 2902 in
255 2844 312 2904 alio
322 2887 331 2916 ,
343 2865 400 2905 vos
416 2848 445 2904 in
459 2847 612 2924 voluptate
623 2849 751 2927 ponitis,
766 2848 839 2905 item

150 2922 274 2996 contri,
285 2943 407 2984 omnem
419 2923 619 2985 infelicitatem
634 2928 663 2983 in
675 2925 779 2984 dolore
791 2944 799 2984 t
809 2925 842 2988 id

149 3005 276 3091 primir'm
295 3003 470 3082 videamus,
485 3003 573 3068 beate
590 3005 692 3071 vivere
711 3003 839 3087 vestrum

193 3087 295 3148 Tonas
313 3090 346 3152 V
343 3087 364 3149 1
366 3086 385 3152 1
390 3085 417 3158 1.,
707 3083 734 3149 E
