2125 4067
286 510 442 581 Lim
484 527 698 583 Putmvu.
748 521 826 616 '313

141 618 211 682 tio?
239 619 317 702 Quae
338 627 374 684 sit
389 625 436 684 illa
453 625 521 699 vis,
549 623 581 684 &
599 624 698 699 uude,
719 625 831 687 intelli-

142 701 272 783 gendum
290 721 380 783 puto:
398 725 459 764 nun
476 702 517 765 est
534 706 611 765 certi
629 724 685 766 nec
703 706 799 767 cordis
819 748 831 782 ,

139 801 198 841 uec
218 781 379 863 sanguinis,
401 804 456 843 nec
475 783 584 843 cerebri
600 824 612 856 ,
628 805 683 855 uec
706 802 829 848 atomo·

140 881 233 921 rum:
255 863 350 921 anima
366 863 426 921 siti
449 862 551 935 nisve,
570 862 685 938 nesti0;
707 885 759 926 nec
777 884 829 927 me

139 939 258 1020 pudet,
274 957 306 999 ut
325 939 414 1016 istos,
429 883 515 1001 fateri
532 940 638 1007 nescire
700 943 740 1004 od
762 944 829 1007 nes·

141 1019 239 1079 ciam:
254 1019 325 1079 illud
343 1023 366 1080 si
384 1021 442 1082 ulia
455 1022 511 1081 alia
525 1020 564 1081 de
577 1041 608 1082 re
623 1021 662 1082 ob
674 1042 739 1083 cura
751 1023 830 1085 affir-

139 1119 223 1161 mare
241 1098 380 1180 poffem,
402 1105 466 1163 sive
485 1102 600 1175 anima,
618 1104 680 1163 sive
696 1104 769 1183 iguis
791 1106 830 1165 sit

141 1182 277 1256 animus,
298 1200 365 1241 eum
378 1178 506 1260 jurarem
521 1178 578 1243 effe
588 1180 730 1242 divinum.
743 1178 830 1259 Quid¹

139 1261 219 1338 enim
234 1305 244 1334 ,
261 1260 381 1322 obsecro
402 1279 453 1337 te,
471 1263 586 1323 terrine
601 1261 678 1334 tibi,
699 1277 748 1337 aut
768 1262 829 1349 hoq

138 1339 282 1405 nebuloso
300 1342 332 1402 ὅ(
349 1341 507 1425 caliginoso
526 1341 626 1416 coelo,
640 1356 690 1400 aut
704 1340 764 1401 sata
777 1356 830 1405 aut

139 1438 279 1483 concreta
295 1421 411 1493 videtur
426 1439 507 1483 tama
519 1424 564 1484 vis
578 1420 750 1483 memon'ae?
772 1424 798 1495 si¹
813 1464 827 1499 ,

138 1502 210 1584 quid
228 1501 358 1576 sithoc,
376 1524 438 1563 uon
458 1502 567 1576 uiden
585 1519 638 1576 at,
656 1501 741 1583 quale
759 1505 796 1562 sit
814 1548 826 1577 ,

137 1582 240 1643 vides:
258 1585 333 1643 sine
348 1582 536 1665 id.quidem;
550 1597 602 1658 at,
617 1599 761 1664 quantum.
769 1585 825 1659 sit,

135 1661 271 1744 profuit>
283 1662 375 1724 vides.

137 1816 140 1821 Ι
179 1740 232 1804 61.
260 1741 344 1822 Quid
367 1740 478 1826 igitur?
507 1745 604 1805 utrium
631 1745 823 1826 capacitatem

136 1823 263 1905 aliquam
278 1825 308 1882 iu
324 1825 421 1885 animo
436 1840 570 1905 putamus
585 1820 730 1905 effe,qub
745 1841 823 1884 tam-

135 1923 228 1986 ¹quam
253 1904 284 1963 in
303 1904 418 1985 aliquod
439 1926 492 1965 vas
512 1924 569 1976 ea,
598 1925 662 1983 quae
682 1904 822 1964 memini-

136 2004 225 2059 mus,
243 1983 426 2045 infuudamur
441 1983 452 2043 i
469 1980 620 2043 absurdum
638 1981 668 2040 id
681 1983 822 2061 quidem;

133 2056 187 2146 'qui
200 2065 277 2125 enim
287 2062 393 2126 fundus
429 2079 476 2122 aut
487 2083 552 2143 quae
560 2060 623 2120 talis
634 2062 721 2121 animi
729 2059 822 2142 figura

133 2145 260 2226 ¹intelligi
285 2109 413 2225 potest?
430 2159 481 2201 aut
504 2163 568 2222 quae
594 2156 675 2201 tanta
698 2143 821 2201 omniuo

135 2228 282 2305 'capacitas
297 2235 308 2285 i
336 2223 386 2284 An
401 2223 527 2302 imprimi
544 2221 625 2302 quasi
642 2241 738 2280 ceram
757 2219 822 2279 ani·

133 2325 219 2377 ,mum
232 2321 392 2387 putamus,
411 2301 443 2362 &
459 2303 633 2361 memoriam
653 2297 709 2360 effe
727 2301 823 2382 sigua·

129 2400 230 2447 ¹tarum
245 2405 341 2445 rerum
354 2387 383 2445 in
402 2399 501 2443 mente
513 2379 654 2465 vestigia?
672 2378 823 2464 quaepos-

133 2464 201 2527 sunt
219 2467 396 2538 verborum,
416 2484 480 2545 quae
499 2482 595 2523 rerum
612 2458 817 2543 ipsarumuess'e

135 2545 278 2628 vestigia?
294 2567 356 2626 quae
368 2545 459 2627 porri>
475 2561 535 2604 tam
552 2540 690 2607 immensa
705 2544 821 2626 magni·

134 2626 210 2687 tudo
222 2671 231 2700 ‚
243 2642 306 2705 quae
322 2625 369 2684 illa
380 2643 439 2685 tam
452 2624 543 2685 multa
553 2625 644 2705 possit
655 2618 793 2705 effingere
803 2621 821 2686 ἒ,

178 2706 228 2766 62.
250 2703 335 2781 Quid
356 2702 405 2763 iila·
425 2707 470 2764 vis
480 2749 498 2779 Ι,
524 2724 587 2782 quae
605 2702 724 2762 tandem
746 2699 787 2760 est
807 2712 824 2776 ,¹

130 2806 203 2868 quae
237 2779 387 2862 investigat
418 2782 531 2842 occulta
550 2826 561 2852 ,
595 2802 659 2860 quae
685 2781 820 2840 inventio

124 2882 226 2944 ¹atque
250 2861 426 2940 excogitatio
452 2860 579 2918 dicitur?
606 2879 643 2918 ex
659 2859 751 2919 hacne
768 2858 822 2919 tibi

132 2964 251 3013 terrena
266 2938 438 3020 mortalique
456 2955 556 2996 natura
574 2937 607 2998 &
626 2937 733 2999 caduca
748 2959 821 2998 cou-

132 3041 217 3095 creta
235 3043 270 3084 ea
291 3019 430 3082 videtur?
453 3035 501 3081 aut
520 3017 569 3104 qui
586 3019 716 3103 primus,
736 3017 819 3104 quod,
