2125 4067
263 493 341 588 298
391 491 813 579 Tuscunananunt

259 610 404 673 nobilitari
423 606 538 669 volunt.
564 603 649 685 Quid
671 608 751 668 enim
770 606 890 670 Phidias
903 609 939 673 sui

255 691 391 752 similem>
407 688 533 770 speciem
554 687 667 747 inclusit
692 688 722 747 in
747 689 861 772 clypeo
880 691 938 752 Mi·

255 793 383 844 nervae,
412 791 501 851 quum
529 767 681 832 inscribere
709 789 771 829 non
801 772 935 833 liceret?

292 852 341 911 uid
354 847 442 911 nostri
456 847 641 931 philosophi?
656 868 757 910 nonne
772 850 803 910 in
817 851 863 913 his
876 853 937 935 ipsis

254 932 277 992 li
297 933 355 1005 ris,
371 952 446 1014 quos
461 930 585 991 scribunt
599 929 637 988 de
648 932 869 994 comemnenda
880 934 937 1017 glo·

256 1014 318 1086 ria,
338 1010 386 1071 sua
405 1012 525 1072 nomina
543 1008 696 1069 inscribunt
712 1009 731 1070 ἓ·

302 1109 349 1174 35.
366 1090 461 1171 and
472 1093 494 1150 si
507 1093 638 1152 omnium
648 1088 801 1151 consensus
811 1136 822 1166 ,
834 1108 937 1157 nature

257 1192 320 1235 vox
340 1172 409 1246 eii3
439 1170 620 1268 omnesque,
649 1171 698 1251 qui
718 1171 769 1230 nbi
791 1178 829 1233 ‘e
857 1173 937 1249 sum,

258 1253 442 1314 consentiunt
452 1250 508 1315 esse
523 1250 650 1335 ahquid,
664 1251 774 1332 quoda
809 1272 865 1314 eos
875 1275 937 1336 per·

256 1336 370 1405 tinent,
392 1335 443 1414 qui·
459 1352 475 1392 e
497 1334 557 1392 vita
576 1329 728 1405 cesserint3
759 1332 846 1394 nobis
864 1355 936 1417 quo·

257 1433 318 1495 que
331 1413 409 1474 idem
424 1410 642 1473 existimandum
661 1409 719 1471 est:
737 1411 851 1488 &,si‚
868 1428 954 1497 quot

256 1513 321 1553 rum
342 1510 389 1553 aut
409 1493 526 1577 ingenio
552 1510 601 1552 aut
621 1494 730 1554 virtute
754 1494 867 1554 animus
886 1515 936 1558 ex·

255 1573 358 1645 cellit,
381 1593 432 1635 eos
451 1574 641 1648 arbitramur,
660 1573 727 1654 quia
742 1574 845 1634 naturi
863 1578 937 1657 opti·

255 1654 307 1716 ma
330 1655 415 1729 sint,
443 1673 563 1716 cernere
583 1671 688 1725 natura
707 1653 768 1713 rim
787 1657 936 1729 maxime3

255 1732 490 1810 verisimileest,
506 1756 595 1818 quum
608 1736 736 1817 optimus
731 1733 816 1876 {urs
849 1755 937 1798 erna-

254 1815 334 1877 xime
363 1813 520 1897 posteritati
549 1815 686 1888 serviat,
713 1834 730 1875 e
829 1817 936 1900 'quid,³

201 1939 203 1945 η
256 1892 339 1976 eujus
366 1898 390 1956 is
416 1894 481 1979 post
502 1914 630 1959 mortem
660 1893 775 1958 senfum
800 1898 839 1958 sit
857 1897 936 1959 babi-

255 1984 345 2038 turus.

298 2056 400 2118 XVI.
424 2055 483 2118 Sed
497 2074 532 2118 ut
546 2055 619 2116 deos
640 2053 698 2118 effe
714 2055 819 2117 naturi
838 2059 935 2140 opina·

256 2158 342 2213 mur,
359 2137 511 2220 qualesque
530 2139 586 2197 sint
598 2139 710 2198 ratione
724 2138 936 2220 cognoscimus3

255 2221 297 2279 sic
310 2237 481 2300 permanere
496 2220 608 2279 animos
620 2217 792 2279 arbitramur
803 2220 936 2281 consensu

255 2303 408 2360 nationum
421 2304 571 2361 omnium:
588 2319 644 2380 qua
658 2297 771 2361 insede
785 2318 936 2373 maneant,

256 2380 412 2460 quoiusque
433 2383 517 2457 aion,
550 2382 665 2440 ratione
679 2378 846 2441 discendum
862 2379 933 2441 est:

175 2462 177 2467 ’
255 2456 337 2535 cujus
355 2461 502 2541 ignoratio.
517 2460 599 2521 finxit
613 2458 744 2536 inferos,
762 2459 861 2543 easque
872 2459 931 2520 for·

255 2538 407 2612 aridium,
441 2562 510 2622 quas
530 2558 562 2601 tu
583 2559 773 2604 contemnere
792 2560 852 2600 non
872 2541 931 2600 sine

254 2617 336 2680 taust
358 2620 508 2682 videbare.
529 2619 563 2680 In
579 2637 685 2683 terram
703 2621 783 2683 enim
803 2618 932 2680 cadenti-

254 2700 310 2763 bus
328 2701 523 2783 corporibus,
547 2699 644 2782 hisque
670 2702 766 2763 humo·
780 2696 867 2762 'tuuis
886 2746 896 2773 ‚
915 2716 934 2761 θ

256 2803 317 2864 quo
335 2783 447 2844 diuum
462 2783 508 2846 est
527 2785 656 2857 hunni,
672 2783 728 2844 sub·
741 2799 823 2844 tenra-
838 2781 934 2843 nense·

255 2863 328 2927 bant
359 2866 499 2948 reliquam
527 2866 620 2926 uitam·
646 2867 692 2947 agi
718 2880 931 2927 motnronma

254 2962 342 3027 quam
373 2969 475 3010 eorum
502 2949 673 3030 opinionem
698 2947 800 3030 magni
825 2961 932 3007 errore!

255 3027 406 3105 consecuti
420 3029 484 3092 funt
494 3047 508 3106 ς
519 3048 602 3112 quos
617 3043 763 3090 auxerunt
775 3029 885 3112 poene.
927 3046 930 3053 ’
