2125 4067
162 540 167 546 -
234 495 391 566 Ltaaa
420 508 704 566 saevimus.
743 498 824 585 ’ῐοςΙ

136 609 266 673 Primum
283 614 389 684 enim,
411 613 434 671 si
448 630 520 673 vera
537 608 601 670 sunt
618 630 673 683 ea,
698 627 825 690 quorum
850 681 853 689 Ι

133 692 343 759 recordatione
360 709 395 753 te
413 692 540 772 gaudete
560 690 627 750 dicis
644 736 655 764 ,
672 690 731 749 hoc
753 686 795 750 est
813 732 825 761 ,

136 777 164 831 si
183 793 255 833 vera
273 770 338 831 suut
354 773 521 848 tuasctipta
540 771 573 830 &
590 774 729 843 inventa,
749 790 825 851 gau-

139 851 212 910 dere
233 872 295 910 non
311 867 422 929 potes:
444 849 513 908 nihil
530 851 607 910 enim
627 849 686 931 jam
705 849 824 924 habes,

129 973 131 977 ·
183 929 224 989 od
246 929 284 988 ad
308 948 413 1008 corpus
431 928 562 988 referas:
582 929 622 989 est
640 947 738 989 autem
755 952 773 989 a
793 947 825 992 te

139 950 255 1090 ileumper
270 1008 399 1083 dietum,
417 1028 472 1068 nec
488 1007 614 1089 gaudere
631 1028 826 1090 quemquam,

138 1091 195 1150 nisi
210 1106 333 1170 propter
348 1109 476 1170 corpus,
495 1107 551 1149 nec
568 1086 680 1148 dolete.
697 1090 828 1148 Preteri-

137 1174 196 1243 tis‚
207 1174 318 1252 inquit,
326 1173 443 1252 gaudeo.
459 1167 643 1248 Quibusnam
657 1165 828 1249 preteritis?

139 1253 164 1311 si
185 1251 223 1310 ad
244 1272 350 1332 corpus
370 1249 604 1333 pertinentibus3
621 1251 750 1309 rationes
766 1264 831 1308 tuas

138 1348 171 1391 te
188 1331 278 1392 video
294 1329 481 1413 compensare
497 1350 564 1391 cunt
583 1327 641 1390 istis
658 1328 831 1403 doloribus,¹

140 1433 204 1471 non
220 1415 393 1473 memoriam
407 1430 534 1492 corpore
551 1429 754 1492 perceptarum
771 1430 830 1470 voe

141 1491 172 1551 lu
194 1509 307 1552 tatumz
328 1497 351 1552 si
371 1510 469 1554 autem
489 1491 526 1551 ad
543 1493 673 1552 animum
686 1511 701 1564 >;
724 1489 827 1551 falsum

142 1590 161 1633 e
195 1617 205 1646 ,
218 1573 297 1653 qudd
306 1593 393 1654 negas
406 1573 493 1633 animi
502 1571 592 1633 ullum
603 1569 672 1633 effe
697 1572 828 1644 audium,

183 1653 230 1712 od¹
240 1674 300 1712 non
317 1653 458 1715 referatur
473 1652 511 1714 ad
525 1673 643 1733 corpus.
693 1673 726 1712 ut
743 1652 829 1713 dein-

141 1674 182 1793 iil
200 1731 367 1814 Metrodori
387 1736 406 1794 Γ
430 1755 496 1796 eros
516 1732 734 1794 commendas?
756 1731 828 1812 quid

141 1834 179 1875 ex
200 1811 253 1875 isto
274 1832 326 1875 tuo
348 1835 364 1876 e
385 1836 416 1876 re
438 1818 472 1876 ⁸0,
488 1812 588 1875 officio
612 1814 645 1874 &
664 1813 746 1874 tanti
767 1810 829 1874 fida

141 1892 156 1975 (
171 1897 209 1954 sic
222 1898 301 1956 enim
313 1834 471 1977 eaiiiimo)
481 1895 520 1956 ad
532 1915 569 1955 eo
605 1915 639 1955 us
650 1892 763 1954 refers?
824 1903 828 1954 ἶ

182 1971 316 2036 XXXI.
340 1975 406 2036 Huc
426 1977 460 2035 dt
474 1977 565 2047 illuc,
607 1989 731 2053 orquate
746 2015 756 2045 ,
770 1993 830 2035 vos

141 2054 261 2116 versetis
279 2057 366 2116 licet:
387 2054 458 2117 nihil
474 2057 502 2115 in
522 2055 576 2115 hac
593 2055 729 2135 preclara
748 2049 829 2133 epis'·

141 2135 206 2194 rola
231 2134 365 2215 scripturn
394 2138 431 2196 ab
456 2133 584 2216 Epicuro
609 2154 771 2215 congruens
795 2133 829 2193 δι

142 2216 325 2274 conveniens
340 2215 462 2275 decretis
478 2214 540 2293 ejus
551 2217 716 2292 reperietis:
734 2216 772 2272 ita
784 2231 833 2272 re·
878 2269 889 2290 s

142 2294 292 2375 darguitur
306 2291 366 2374 ipse
381 2315 398 2353 a
411 2292 489 2366 sese,
502 2297 714 2373 vincunturque
727 2290 831 2372 scripte

142 2372 208 2454 ejus
218 2374 368 2454 probitate
381 2377 468 2456 ipsius
483 2395 517 2435 ac
534 2373 674 2435 moribus.
690 2372 768 2435 Nam
778 2371 829 2438 ista

143 2456 362 2517 commendatio
380 2475 557 2538 puerorum,
573 2458 716 2517 memoria
730 2457 763 2516 ὃ(
781 2477 830 2516 ca·

143 2539 210 2596 ritas
233 2539 389 2611 amicitie,
405 2535 583 2599 summorum
609 2535 772 2597 officiorum
796 2539 829 2598 iu

143 2635 277 2678 extremo
294 2618 389 2698 spiritu
401 2617 602 2689 conservatio,
620 2618 726 2678 indicat
738 2620 835 2698 'iuna-t

143 2715 203 2756 tam
228 2695 286 2757 ess'e
302 2699 420 2777 homini
442 2699 620 2779 probitatem
643 2700 796 2778 gratuitam
815 2739 831 2768 ,

143 2797 206 2836 non
219 2779 368 2837 invitatam
383 2776 603 2858 voluptatibus,
618 2796 673 2837 nec
690 2778 831 2856 praemios

145 2875 210 2914 rum
235 2855 415 2914 mercedibus
440 2873 621 2916 evocatam:
643 2855 724 2934 quod
749 2856 831 2917 enim

145 2933 345 3002 testimonium
352 2933 444 3013 majus
452 2937 621 3015 querimus,
633 2955 698 3014 quae
709 2932 832 2996 honesta

147 3017 181 3080 dc
200 3013 284 3079 reda.
299 3017 376 3093 sint,
387 3013 448 3099 ipsa
457 3013 517 3078 effe
529 3013 736 3158 optabiliaEpet
748 3013 831 3102 sesej

632 3146 636 3154 .
707 3118 729 3168 ι
927 3111 930 3120 ·
