2125 4067
92 321 150 331 ····
167 321 259 351 [·····
271 321 284 342 2
302 321 363 329 ···-·
440 321 475 327 ’'-
492 321 578 329 ·-·····
594 321 651 348 fu*
667 326 671 335 .

87 393 196 491 'Rene
208 431 294 570 ἱῗωτ
307 429 370 489 haet
378 426 451 489 falla
466 424 602 489 ‹lillinffio
613 424 668 491 est:

96 514 187 571 etiarn
208 534 225 571 a
264 513 318 583 iis,
342 510 401 591 qub
417 508 524 571 facilius
541 530 586 569 res
604 529 672 589 pet·

89 595 179 664 ossit,
195 592 254 651 hoc
271 592 365 651 simile
382 593 512 671 ponitur.
529 588 573 647 Ut
582 592 673 660 enim,

87 688 139 743 nt,
155 675 179 732 si
191 673 249 731 hoc
263 670 407 753 fingamus
425 668 488 731 elle
496 671 576 750 quasi
587 667 675 728 linem

87 772 170 813 anum
188 797 198 825 ‚
220 754 260 812 ita
277 751 374 823 iacere
391 752 509 823 talum,
532 766 565 809 ut
583 747 677 809 nestun

87 852 111 893 r:
128 834 176 912 qui
194 835 235 893 ita
252 833 324 892 talus
342 835 396 893 erit
411 831 525 906 jallas,
544 848 575 889 ut
593 829 678 889 cadat

97 915 317 992 ,praepositum
333 913 472 995 quiddam
495 909 615 975 habebit
637 908 675 969 ad

87 996 154 1072 ,qui
166 994 246 1053 aliter
256 1037 265 1065 ,
274 993 393 1053 contra:
405 1013 500 1073 neque
512 1011 611 1053 tamen
624 991 675 1051 illa

88 1075 154 1133 sirio
170 1073 218 1132 tali
230 1073 267 1132 ad
284 1094 370 1147 eum,
387 1095 476 1156 quem
487 1074 567 1146 dixi,
583 1071 675 1133 finem

87 1154 161 1215 ebir:
181 1155 295 1228 sicea,
318 1175 381 1236 quae
402 1155 465 1215 sunt
487 1157 675 1235 praeposita,

87 1254 151 1295 ntur
171 1235 222 1294 illa.
236 1235 354 1316 quidem
373 1237 411 1297 ad
429 1234 519 1296 linem
536 1280 546 1309 ,
566 1234 615 1296 sed
634 1234 674 1295 ad

87 1320 127 1379 im
145 1334 333 1397 naturamque
350 1318 419 1377 nihil
434 1318 591 1397 pertinent.
656 1356 662 1369 ι

100 1396 236 1477 Sequitur
256 1397 303 1457 illa
325 1398 451 1470 divisio,
471 1413 502 1455 ut
523 1396 673 1457 bonorum

87 1493 116 1537 nt
130 1479 167 1539 ad
183 1477 253 1539 illud
270 1478 402 1539 ultimum
420 1479 595 1557 pertinentia
610 1476 676 1557 (sic

87 1561 224 1693 alpem),
241 1578 305 1637 quae
323 1562 417 1621 tantula
435 1558 586 1619 dicuntur:
606 1579 675 1617 narn

87 1656 159 1713 ium
174 1636 370 1710 instituamus,
387 1656 419 1698 ut
437 1641 566 1720 placuit,
584 1639 677 1718 pluri-

87 1715 160 1774 erbis
178 1717 292 1788 dicere,
309 1718 389 1796 quod
407 1740 467 1779 uno
486 1740 547 1777 non
564 1720 679 1797 poteri-

94 1810 126 1855 ut
145 1815 190 1856 res
210 1797 411 1876 intelligatur)
425 1798 479 1856 alia
495 1816 593 1857 autem
611 1794 678 1857 effi·

87 1898 111 1947 l,
132 1897 196 1957 quae
213 1875 311 1937 Graecl
331 1876 468 1950 reanlaula,
490 1879 544 1938 alla
563 1895 676 1939 utrum·

87 1954 126 2016 )e
148 1958 363 2051 pertinentibus
385 1956 453 2017 nihil
469 1957 515 2020 est
532 1960 645 2021 bonum
663 2006 674 2037 ,

87 2036 229 2100 *alliones
248 2037 402 2101 honestas:
419 2036 456 2100 de
471 2039 674 2118 efficientibus,

87 2133 174 2174 ›raeter
189 2124 328 2182 amicum:
344 2119 394 2182 sed
409 2121 440 2181 &
457 2126 673 2205 pertinentem,

87 2197 211 2255 cientem
220 2197 248 2256 sa
268 2204 385 2261 ientiam
398 2204 502 2266 volunt
514 2204 588 2266 elle:
604 2222 675 2262 narn

87 2277 204 2356 rpientia
220 2295 236 2333 e
274 2284 450 2343 conveniens
462 2286 536 2345 allio
554 2281 620 2356 ,est
637 2300 675 2340 ex

87 2357 211 2417 ertinenri
231 2376 364 2438 genere,
384 2362 465 2437 quod
485 2364 543 2419 dixi
561 2382 569 2419 ι
614 2358 676 2420 uud

87 2490 88 2497 ,
106 2435 238 2498 honestas
257 2435 385 2496 aniones
399 2434 501 2508 affert,
520 2440 583 2499 &e
617 2440 677 2515 cir,

87 2515 204 2589 tfficient
220 2518 277 2582 dici
295 2512 405 2603 potest.

469 2596 551 2688 Giij
