2125 4067
187 552 267 639 '270‘
322 530 417 612 'Dr
457 520 730 614 nicanor

187 674 314 731 cratem,
333 650 478 718 'sirnaeum
489 703 500 733 ‚
511 654 673 721 Actionem
684 652 873 733 Loer0s‚nr;

185 754 276 875 putum
299 736 450 798 Socratem
474 734 684 819 expressisset,
702 736 872 821 adjungeret

211 816 442 899 ythagoreorum
459 816 661 901 disciplinam,
680 837 715 879 ea
757 837 796 893 e,
813 838 875 899 quar

186 894 320 973 Socrates
339 896 535 980 repudiabat,
554 898 714 961 addisceret
761 912 812 957 cur
829 900 872 979 ip·

185 972 215 1037 se
236 974 418 1061 Pythagoras
436 979 467 1040 &
483 976 650 1103 Egyptum
668 976 825 1050 lustravit,
844 978 872 1039 δι

186 1052 335 1117 Persarum
357 1074 460 1141 magos
477 1060 568 1120 adiu.
590 1080 642 1121 cur
663 1074 758 1121 tantas
776 1059 872 1138 regio

186 1157 239 1197 nes
256 1137 444 1199 barbarorum
465 1140 589 1220 pedibus
605 1139 703 1201 obiit?
721 1154 768 1201 aot
788 1139 872 1197 maria

186 1217 339 1279 transmisit
355 1218 367 1278 ἓ
386 1238 435 1279 cur
452 1219 515 1280 haec
533 1219 638 1281 eadent
657 1214 873 1281 Democritus?

185 1300 236 1379 qui
254 1302 268 1374 (
280 1299 371 1373 vere,
390 1296 518 1375 faffone,
534 1316 730 1382 quaereremus
745 1295 875 1374 )diciu1r'

186 1378 278 1438 oculis
296 1378 324 1439 se
342 1376 480 1460 privass'e:
498 1380 576 1441 certi
593 1394 626 1440 ut
642 1376 733 1462 quint
756 1376 872 1438 minimi

183 1460 297 1517 animus
312 1481 328 1518 a
345 1460 569 1543 cogitationibus
589 1460 806 1537 abduceretur,
820 1478 871 1540 pa·

185 1541 354 1600 trimonium
381 1541 537 1623 neglexit,
565 1560 661 1624 agros¹
676 1530 801 1601 deseruit
828 1540 872 1598 in-

186 1621 310 1692 cultos,
334 1620 403 1701 quid
427 1640 558 1701 quaerens
582 1620 659 1683 aliud
677 1622 733 1681 nioi
756 1618 870 1680 beatam

183 1698 301 1760 vitam?
319 1720 404 1839 (puam
423 1705 447 1760 si
464 1704 552 1761 etiarn
566 1704 711 1763 interum
731 1698 871 1783 cognitio·

186 1799 224 1839 ne
244 1800 324 1860 pone
347 1795 393 1855 at,
411 1795 511 1840 tamen
530 1800 566 1841 ex
582 1780 630 1841 illa
651 1778 873 1861 investigatione

186 1877 296 1920 naturae
314 1858 451 1941 consequi
474 1862 625 1934 volebat,
645 1877 678 1920 ut
699 1856 772 1921 effet
792 1858 872 1920 bono

185 1942 315 2001 animo:
347 1938 377 2000 id
406 1943 483 2001 enim
501 1942 549 2002 ille
570 1939 712 2001 summum
734 1940 871 2013 bonurn,

187 2019 306 2095 rt’svpcr‘rrr
318 2064 329 2095 ,
341 2021 373 2080 ὃ(
384 2020 460 2101 saepe
476 2021 607 2100 ridupccr'ar
618 2020 747 2102 appellat
757 2062 768 2095 ,
777 2019 808 2080 id
817 2016 874 2093 est,

184 2101 313 2159 animum
330 2116 441 2161 terrore
455 2100 589 2160 liberum.
713 2112 715 2117 '

228 2176 278 2239 88.
305 2176 364 2239 Sed
388 2180 449 2240 haec
472 2181 526 2239 etsi
552 2176 689 2259 praeclatd
709 2221 720 2253 ,
741 2174 872 2238 nondum

185 2272 284 2318 tamen
304 2258 499 2341 &perpolita
518 2280 524 2318 :
549 2278 638 2339 pauca
654 2258 756 2334 enirn,
777 2272 874 2339 neque

187 2359 223 2398 ea
240 2338 297 2419 ipsa
313 2340 465 2401 enucleate
481 2338 608 2412 abhoc,
627 2337 665 2397 de
680 2338 789 2399 virtute
805 2339 872 2418 qui·

186 2418 278 2491 dem,
302 2420 376 2478 diua
393 2441 401 2478 a
426 2416 490 2501 post
509 2422 587 2480 enim
606 2419 667 2478 haec
683 2418 713 2479 in
728 2417 782 2478 hac
798 2417 873 2476 urbe

183 2499 338 2636 primbma
355 2496 476 2558 Socrate
485 2502 574 2579 quaeri
588 2514 704 2580 coepta3
720 2496 824 2558 deinde
838 2498 871 2557 itt

206 2596 260 2634 unc
280 2577 378 2636 locum
397 2577 493 2638 delata
510 2577 591 2639 sunt:
612 2599 667 2639 nec
687 2578 869 2651 dubitatum,

182 2657 252 2798 'puin
268 2659 297 2716 in
313 2660 420 2718 virtute
437 2659 554 2734 omnis,
569 2675 600 2719 ut
614 2661 711 2735 bene,
727 2660 768 2719 sic
785 2659 870 2719 etiam

207 2737 270 2798 eati
285 2738 407 2798 'vivendi
423 2734 486 2820 spes
505 2755 682 2820 poneretur:
703 2758 768 2821 quae
782 2756 870 2819 quum

182 2814 266 2880 Zeno
287 2818 426 2881 didicisset
442 2843 458 2880 a
474 2819 596 2892 nostrin
613 2820 689 2880 utin
710 2818 871 2880 afflonibuo

183 2899 326 2981 praescribi
343 2900 433 2975 solet,
447 2901 484 2964 de
496 2923 526 2963 re
544 2903 649 2963 eadem
660 2900 720 2983 egit
732 2900 791 2961 alio
807 2920 872 2975 rnof

184 2979 236 3040 do.
262 2980 329 3041 Hoc
347 2998 377 3042 tu
396 3004 471 3042 nunc
489 2987 518 3043 in
536 2983 587 3044 illo
609 2983 728 3064 probae.
753 2978 870 3041 Scilicet

181 3061 331 3125 uocabulis
342 3082 440 3126 retum
458 3064 591 3139 mutatis,
600 3059 799 3127 inconstancia·
812 3060 868 3122 cti·
