2125 4067
266 502 421 582 [ruah
451 507 683 581 rrnr'run
737 526 819 606 439·

136 622 274 708 suscipere
292 641 437 708 oporteat.
459 625 584 686 Additur
598 627 635 688 ad
653 628 726 687 hanc
741 625 824 687 def!

134 711 277 768 tuitionem
297 730 314 766 a
335 708 455 766 Zenone
475 706 578 780 teile,
599 724 629 767 ut
649 708 697 768 illa
716 709 820 790 opinio

156 787 280 848 raesentis
295 789 362 847 mali
381 789 415 845 sit
432 806 551 846 recens:
569 789 732 849 hocaurem
750 808 821 850 ver·

133 809 207 928 ium
222 870 261 926 sic
278 870 350 927 inter
373 883 521 938 terantur,
536 882 568 925 ut
585 889 645 928 non
665 872 775 928 tantum
785 869 824 927 il-·

134 948 187 1008 lud
205 968 334 1008 recense
358 969 373 1008 e
385 948 495 1021 velint,
507 949 590 1027 quod
602 949 688 1029 paulo
696 949 767 1008 ‘ante
777 970 822 1008 ac·

135 1029 259 1100 ciderit;
274 1028 340 1101 sed,
353 1026 439 1109 quim
455 1028 502 1087 diu
517 1030 547 1086 in
558 1029 608 1090 illo
627 1032 747 1110 opinato
757 1049 824 1087 tna-

136 1109 167 1170 lo
179 1112 222 1169 vis
237 1111 369 1190 quaedam
385 1111 471 1182 insit,
490 1109 522 1169 &
536 1112 659 1191 vigeat,
669 1110 702 1169 ἃ
717 1109 824 1169 habeat

138 1191 293 1272 quamdam
309 1189 505 1262 viriditatem,
526 1205 587 1250 tam
600 1184 677 1250 diua
699 1189 824 1272 pelletur

137 1291 258 1331 recens:
274 1287 305 1329 ut
315 1270 471 1330 Artemisia
487 1268 555 1342 illa,
574 1212 717 1343 Mausoli,
729 1268 826 1331 Cariae

137 1353 229 1433 regis,
245 1372 337 1424 uxor,
350 1371 413 1432 qua
434 1349 532 1411 nobile
546 1350 616 1412 illud
630 1351 826 1430 Halicarnassi

137 1431 207 1509 secitJ
227 1430 409 1512 sepulcrum,
431 1429 566 1512 quamdiu
586 1434 678 1504 vixit,
698 1432 770 1491 vixit
792 1430 825 1491 in

137 1511 239 1584 lullu,
262 1513 428 1592 eodemque
453 1513 541 1571 etiam
564 1510 697 1572 conscita
716 1528 826 1572 conta·

137 1591 199 1652 huit
210 1614 217 1649 ε
229 1592 296 1650 huic
313 1610 373 1652 erat
387 1591 435 1651 itta
447 1593 548 1672 opinio
558 1591 688 1672 quotidie
702 1612 827 1667 recens;

138 1694 204 1753 quae
215 1689 275 1730 tum
287 1671 411 1753 denique
425 1693 485 1732 non
495 1673 692 1753 appellabatur
702 1693 828 1749 recens,

137 1773 229 1894 pluunt
243 1751 388 1812 vetustate
403 1755 521 1813 exaruit.
545 1753 617 1814 Haec
627 1754 713 1834 igitur
726 1751 825 1814 officia

171 1850 202 1892 nt
225 1831 464 1907 consolantium,
494 1833 598 1894 tollere
623 1835 825 1914 egritudinem

137 1911 284 1985 funditus,
302 1930 350 1973 aut
368 1910 487 1986 sedare,
502 1932 550 1973 aut
565 1914 716 1974 detrahere
735 1914 827 1994 quim

138 1993 314 2076 plurimum,
327 2009 376 2052 aut
387 1990 583 2074 supprimere,
595 2014 649 2052 nec
659 1997 717 2071 pati
726 2013 828 2054 mana·

139 2092 176 2137 re
187 2073 324 2154 longius,
346 2073 446 2141 autad
462 2073 516 2131 alia
532 2072 693 2132 traducere.

180 2153 232 2232 76.
252 2151 344 2226 Sunt,
363 2153 412 2231 qui
429 2173 515 2211 unum
528 2150 657 2212 officium
674 2152 829 2213 consolan-

139 2234 177 2295 tis
199 2250 328 2315 putent,
352 2233 459 2292 docere
482 2232 591 2291 malum
610 2232 680 2290 illud
703 2234 825 2294 omnino

140 2334 203 2376 uon
214 2312 288 2389 este,
301 2329 333 2373 ut
347 2311 482 2374 Cleanthi
492 2312 601 2393 placet:
613 2312 692 2384 sunt,
702 2315 750 2394 qui
764 2334 828 2374 non

141 2400 279 2477 magnum
297 2395 433 2468 malurn,
455 2408 486 2451 ut
509 2391 712 2473 Peripatetici:
737 2392 801 2454 sunt
812 2437 830 2469 ,

142 2477 192 2557 qui
208 2476 354 2535 abducunt
372 2497 388 2534 a
409 2474 489 2533 malis
502 2474 540 2533 ad
556 2474 654 2548 bona,
668 2490 699 2532 ut
719 2472 829 2556 Epicu-

142 2575 190 2616 rus
204 2577 210 2613 :
226 2555 308 2629 sunt,
323 2554 443 2638 quisatis
458 2573 559 2636 putant
572 2553 741 2627 ostendere,
755 2555 827 2616 nihil

142 2638 285 2714 inopinati
301 2633 449 2707 accidisse,
460 2637 527 2695 nihil
539 2639 621 2696 novi.
640 2634 829 2717 Chrysippus

142 2732 242 2776 autern
257 2733 341 2794 caput
352 2713 408 2775 effe
421 2715 517 2775 censet
529 2719 559 2775 in
569 2715 765 2789 consolando,
777 2717 830 2775 de·

142 2795 259 2853 trahere
281 2795 359 2852 illam
379 2796 549 2874 opinionem
571 2797 730 2868 moerenti,
753 2797 777 2854 si
798 2793 829 2856 se

145 2872 244 2932 officio
257 2872 336 2955 fungi
346 2889 428 2954 putet
442 2871 515 2953 justo
529 2892 615 2955 atque
628 2874 728 2935 debito
741 2895 748 2932 ε
763 2874 827 2953 sunt

145 2956 254 3026 etiam,
273 2959 322 3035 qui
342 2955 402 3014 haec
421 2957 518 3014 omnia
536 2975 641 3038 genera
659 2952 829 3021 consolandi

145 3034 302 3117 colligum
321 3034 391 3097 alius
403 3039 481 3097 enim
492 3036 551 3099 alio
564 3036 656 3101 modo
671 3053 806 3099 movetur
814 3057 829 3114 3

647 3115 725 3183 Tir
