2125 4067
299 504 455 575 Lunna
489 520 734 591 Qunnrvs.
757 448 759 453 Ι
786 517 869 603 442

181 617 293 702 plinam
315 623 375 684 vita
394 624 509 705 magis,
524 621 746 704 quimlitteris,
766 621 871 704 perse«

184 703 245 762 cuti
262 700 337 762 sunu

225 779 256 841 6.
274 781 375 864 ltaque
384 780 459 840 illius
471 799 549 843 vera
564 781 756 865 elegantisque
771 782 867 866 philo-³

181 858 313 940 sophiae,
336 882 400 942 quae
418 861 502 921 diua
522 884 539 922 a
557 861 676 924 Socrate
697 865 727 922 in
745 863 868 944 Peripa*

181 943 279 1001 reticis
306 942 399 1001 adhuc
426 945 613 1021 permansit,
645 944 678 1003 &
702 943 780 1003 idem
807 945 871 1005 alio

183 1022 279 1082 modo
300 1021 461 1084 dicentibus
484 1021 618 1097 Stoicis,
641 1043 731 1103 quum
747 1021 868 1084 Acade·

182 1103 252 1163 mici
278 1121 381 1162 eorum
409 1104 624 1163 controversias
649 1102 868 1183 disceptarent,

183 1181 261 1241 nulla
277 1181 338 1244 fers
356 1181 440 1255 sunt,
462 1200 510 1242 aut
528 1203 619 1263 pauca
637 1183 796 1242 admodum
809 1181 870 1242 La«

184 1263 244 1321 tina
263 1279 475 1337 monumenta3
495 1265 558 1322 sive
575 1280 698 1343 propter
718 1284 765 1323 ma
808 1263 869 1322 'tu-

185 1341 283 1403 dinem
314 1363 435 1416 rerum,
464 1346 749 1423 occupationemque
790 1343 874 1405 omi·

185 1442 276 1496 num,
295 1426 357 1484 sive
374 1423 484 1495 etiam,
499 1422 579 1504 qubd
591 1424 730 1504 imperitis
748 1443 783 1484 ea
796 1445 869 1504 pro·

184 1501 245 1563 bari
263 1501 343 1584 posse
360 1523 421 1561 non
441 1504 670 1565 arbitrabantur:
687 1525 776 1584 quum
791 1506 868 1565 inte·
970 1573 972 1577 ,

184 1585 263 1657 tim,
282 1585 336 1642 illis
355 1582 523 1657 silentibus,
545 1581 587 1642 C.
600 1582 761 1644 Amafinius
779 1583 869 1645 exili-

184 1664 218 1722 tit
243 1664 376 1723 docens:
401 1659 479 1740 cujus
506 1664 584 1724 libris
610 1665 693 1725 editis
713 1682 871 1726 commota

184 1742 340 1803 multitudo
356 1744 476 1803 contulit
492 1742 521 1803 se
538 1743 576 1803 ad
594 1745 729 1805 eamdem
751 1747 867 1826 potissi·

184 1825 265 1882 mitm
286 1823 479 1904 disciplinam3
498 1825 559 1883 sive
575 1825 729 1902 quoderat
745 1829 865 1906 cognitu

206 1901 328 1963 etfacilis
339 1905 423 1976 ;-sive
439 1903 519 1996 quod
534 1905 707 1964 invitabatur
723 1905 871 1964 illecebris-

184 1924 298 2043 llandae
314 1983 471 2062 voluptatis
485 2003 494 2054 ;
509 1984 570 2042 sive
582 1985 671 2042 etiam
685 2027 695 2056 ,
716 1988 782 2063 quia
796 1982 870 2044 nihil'

185 2062 331 2144 prolatum
352 2079 413 2122 erat
434 2063 558 2133 melius,
575 2062 669 2136 illud,
683 2064 763 2142 quod
782 2080 869 2136 erat,

184 2143 332 2204 tenebant.
360 2140 426 2201 Post
454 2139 631 2201 Amafinium
657 2161 753 2202 autem
782 2143 871 2203 multi

186 2219 316 2302 ejusdem
341 2223 435 2282 aemuli
451 2223 569 2281 rationis
587 2223 676 2281 multa
691 2242 781 2301 quum
797 2222 872 2282 scri·

184 2302 302 2386 psillens
325 2347 335 2371 ,
365 2301 477 2362 Italiam
495 2320 590 2362 totam
623 2320 867 2383 occupaveruntt

225 2384 264 2443 od
307 2404 323 2445 e
337 2385 493 2442 maximum
508 2400 708 2463 argumentum
727 2380 789 2454 est,-
805 2402 871 2444 non

206 2466 246 2524 ici
255 2465 303 2524 ila
319 2462 475 2535 subtiliter,
493 2462 572 2544 quod
591 2464 623 2524 &
641 2462 725 2523 facil&
742 2462 872 2524 ediscat·-

185 2559 249 2618 tur,
266 2545 299 2604 δι
312 2543 347 2603 ab
358 2543 479 2604 indoslis
491 2543 673 2624 probentur,
685 2544 714 2604 id
724 2545 764 2605 illi
772 2542 872 2611 firmas·

185 2641 317 2685 mentum
338 2623 394 2684 esse
417 2624 569 2703 disciplinae
591 2643 707 2706 putant.

225 2700 292 2764 lv.
303 2703 363 2762 Sed
379 2702 516 2763 defendat
535 2707 615 2784 quod
630 2704 747 2786 quisque
762 2703 866 2764 sentit:
984 2752 987 2758 .

184 2783 247 2845 sunt
266 2784 345 2843 enim
369 2779 474 2859 judicia
493 2782 582 2842 libera
601 2805 609 2842 ε
639 2806 694 2843 nos
708 2782 867 2844 institutum

183 2862 349 2924 tenebimus
370 2905 380 2934 ,
410 2859 568 2942 nulliusque
586 2864 684 2922 ‘unius
713 2861 867 2942 disciplinae

184 2943 297 3024 legibus
324 2940 471 3015 adslrisli,
497 2941 598 3021 quibus
625 2945 654 3001 in
684 2941 872 3023 philosophia

184 3020 341 3087 necessario
367 3040 541 3104 pareamus,
563 3023 634 3105 quid
649 3024 684 3086 sit
701 3024 733 3085 in
750 3043 870 3108 quaque
