2125 4067
318 448 749 534 Lruanovrvrvs
799 465 877 544 555

192 580 245 624 nra
267 565 340 624 ratio
358 562 398 624 est
415 583 516 623 eorum
536 607 546 636 ,
566 564 615 644 qui
636 563 673 623 ad
695 564 878 644 voluptatem

197 663 233 703 ea
251 643 398 718 referunt,
419 665 482 723 quae
498 640 650 723 sequuntur
667 646 696 702 in
718 647 803 720 vita,
826 662 879 720 ut,

196 743 380 805 quocumque
411 723 470 782 haec
498 722 566 782 loco
598 721 807 803 suppeditent,
838 723 879 787 ibi

197 803 284 863 beate
307 819 414 885 queant
439 804 552 863 vivere.
576 799 675 882 Itaque
696 804 733 863 ad
758 826 879 866 omnem

195 885 339 1023 ragonem
367 881 476 942 Teucri
498 904 559 944 vox
583 886 799 945 accommodari
821 906 880 969 po·

195 978 224 1024 te
262 1008 272 1037 ,
478 977 481 983 ⁴

187 1094 282 1145 'Patria
296 1095 342 1156 est,
357 1095 490 1162 ubicumque
504 1097 538 1157 est
547 1090 616 1147 bene.
689 1111 693 1118 ·

193 1213 330 1276 Socrates
352 1215 470 1296 quidem
491 1235 578 1296 quum
596 1229 771 1296 rogaretur,
797 1216 880 1296 cuja·

193 1313 257 1355 tem
274 1295 302 1356 se
323 1294 378 1355 elle
396 1297 505 1356 diceret
516 1341 526 1369 ‚
537 1299 746 1368 -Mundanum,
765 1300 879 1377 inquire

195 1378 283 1436 totius
307 1378 384 1435 euim
409 1378 507 1435 mundi
528 1375 557 1435 se
581 1377 707 1435 incolam
730 1378 878 1438 &civem

192 1456 392 1515 arbitrabatur.
418 1456 500 1534 Quid
521 1455 561 1515 T.
583 1456 754 1516 Albucius?
778 1479 890 1531 nonne¹

190 1538 292 1596 animo
315 1538 478 1615 aequissimo
500 1535 622 1595 Athenis
646 1536 722 1595 exsul
748 1537 879 1617 philoso-

191 1615 353 1696 phabatur?
369 1619 414 1675 cui
430 1633 527 1676 tamen
543 1614 613 1674 illud
628 1615 720 1694 ipsum
733 1639 793 1677 non
802 1622 879 1679 acci·

193 1694 295 1769 dillet,
320 1698 343 1755 si
364 1698 394 1754 in
416 1696 564 1777 republica
589 1695 736 1775 quiescens
759 1697 877 1778 Epicuri

189 1776 302 1858 legibus
322 1774 465 1856 paruisset.
780 1836 782 1841 .

237 1875 303 1936 ¹09·
326 1856 390 1936 Qui
404 1860 481 1918 enim
497 1856 609 1916 beatior
623 1854 782 1937 Epicurus,
794 1861 875 1942 qubd

190 1939 221 1998 in
246 1939 335 2019 patria
358 1937 503 2006 vivebat,
530 1935 618 2015 quim
644 1938 724 2016 quod
749 1939 874 2002 Athenis

189 2016 400 2080 Metrodorus?
418 2035 467 2086 aut
485 2015 568 2074 Plato
586 2014 783 2080 Xenocratem
802 2024 874 2082 vIn-

190 2100 295 2172 cebat,
313 2117 360 2157 aut
379 2096 502 2157 Polemo
522 2095 709 2169 Arcesilam,
728 2101 785 2178 qub
803 2100 874 2162 elles

189 2178 325 2240 beatior?
340 2176 451 2256 Quanti
461 2175 535 2235 verb
553 2174 604 2233 ilia
616 2179 714 2236 civitas
727 2176 872 2241 aestiman-

190 2259 226 2323 da
240 2258 302 2330 est,
326 2278 362 2329 ex
375 2279 431 2337 qua
451 2256 521 2315 boni
536 2253 732 2337 sapientesque
754 2260 871 2338 pellun-

187 2339 260 2400 tur?
281 2338 454 2400 Demaratus
470 2335 589 2416 quidem
606 2333 773 2416 Tarquinii,
793 2361 823 2400 re
845 2344 869 2403 is

188 2417 298 2491 nostri,
316 2436 417 2498 pater,
432 2435 587 2496 tyrannum
605 2413 764 2496 Cypselum
786 2422 867 2501 quod

186 2500 272 2562 ferre
284 2521 344 2560 non
362 2515 497 2579 poterat,
518 2495 592 2576 fugit
604 2493 778 2578 Tarquinios
799 2501 867 2564 Co.

185 2581 305 2653 rintho,
324 2579 413 2639 &ibi
430 2578 490 2638 suas
502 2575 631 2636 fortunas
650 2576 811 2656 constituit,
831 2586 865 2644 ac

186 2662 295 2722 liberos
311 2661 485 2740 procreavit.
504 2656 584 2716 Num
602 2655 683 2718 stulte
703 2678 769 2721 ante
792 2660 866 2725 osuit

184 2744 276 2805 exsilii
292 2742 454 2801 libertatem
467 2684 789 2800 domesticaeserviturii

227 2818 442 2881 XXXVIII.
463 2818 527 2878 Jam
548 2818 621 2875 verb
644 2836 740 2878 motus
756 2824 867 2900 animi,

183 2901 419 2972 sollicitudines,
450 2921 473 2958 ae
495 2895 688 2978 ritudinesque
714 2901 865 2967 oblivione

182 2985 358 3059 leniuntur,
387 2919 518 3049 tradusiis
543 2979 645 3040 animis
664 2978 711 3121 ap
726 2982 864 3070 volupta-

706 3081 760 3143 ar]
