2125 4067
209 488 286 587 236
346 488 427 559 Da
470 502 719 557 aturrus

210 602 327 663 dubium
346 647 356 676 ‚
387 603 456 684 quin
474 601 555 662 frons
576 645 586 675 ,
612 599 713 673 oculi,
735 598 889 673 aures‚&

122 698 129 711 '
208 682 326 775 reliquae
346 701 467 763 partes,
486 681 585 764 quales
611 683 738 760 propriae
761 679 825 741 sunt
840 681 888 742 ho·

208 762 316 835 mins,
335 762 507 843 intelligatur
522 782 530 820 ε
548 759 599 820 sed
616 761 695 821 certe
716 781 794 841 opus
809 758 848 821 est
860 780 889 821 ea

210 840 311 902 valere
323 840 355 901 &
374 845 494 923 vigere,
510 839 653 901 naturales
668 857 770 901 motus
782 838 889 921 ususque

210 920 344 997 habere,
361 939 394 981 ut
412 942 467 982 nec
492 921 565 981 absit
585 918 654 1014 quid
680 941 787 982 eorum
808 965 818 995 ,
843 940 889 981 uec

212 1020 322 1082 aegrum
341 1001 559 1062 debilitatumve
580 1018 635 1059 su:
651 995 685 1059 id
700 1003 782 1061 enim
800 1016 890 1060 natura

216 1080 373 1143 desiderat.
402 1079 451 1141 Est
472 1084 558 1141 etiam
581 1078 655 1139 aelio
677 1080 812 1159 quaedam
833 1101 891 1141 cot·

213 1163 317 1242 poris,
340 1183 405 1244 quae
428 1177 526 1221 motus
542 1157 676 1220 &status
696 1176 808 1220 naturae
828 1181 892 1221 con·

216 1259 351 1321 gruentes
367 1257 468 1314 tenet;
483 1243 512 1299 in
531 1239 634 1320 quibus
648 1240 671 1299 si
684 1257 828 1319 peccetur
845 1238 891 1301 dis-

214 1320 400 1380 tortione&
427 1321 637 1400 depravatione
659 1320 787 1401 quadam
813 1364 824 1395 ‚
851 1335 891 1381 aut

216 1416 299 1459 motu
319 1398 428 1461 statuve
445 1399 591 1473 deformi,
610 1416 640 1458 ut
658 1402 681 1458 si
695 1418 747 1461 aut
769 1401 893 1463 manibus

218 1479 393 1560 ingrediatur
409 1481 492 1561 quis,
506 1488 628 1540 autnon
641 1479 730 1554 anti,
744 1479 796 1541 sed
808 1480 895 1552 retrbt

218 1557 321 1641 fugere
347 1560 433 1641 plane
459 1559 491 1621 se
511 1558 602 1640 ipse,
629 1558 661 1619 ὃ(
690 1560 896 1623 hominemex

219 1639 339 1700 homine
371 1638 490 1700 exsuens
504 1656 635 1700 naturam
654 1638 747 1701 odiffe
760 1640 896 1702 videaur.

220 1718 424 1796 Quamobrem
440 1723 527 1780 etiam
544 1719 685 1781 sessiones
702 1720 839 1800 quaedam
851 1718 896 1796 ,u

219 1798 288 1859 flexi
310 1798 447 1881 statiique
469 1816 593 1873 motus,
616 1797 898 1941 qualesessprotervo·

221 1898 285 1936 rum
308 1879 460 1939 hominum
487 1897 535 1940 aut
555 1880 686 1939 mollium
749 1900 766 1941 e
784 1880 897 1953 solent,

219 1974 320 2017 contra
337 1975 466 2019 naturam
485 1958 548 2019 sunt
563 1979 572 2031 ;
590 1959 643 2032 ut‚'¹
663 1960 754 2020 etiam
777 1962 802 2021 si
819 1960 899 2021 animi

221 2039 295 2096 vitio
311 2038 341 2097 id
354 2041 490 2113 eveniat,
506 2041 644 2098 tamenin
658 2058 786 2119 corpore
801 2042 899 2099 immu-

219 2119 274 2179 tari
285 2116 409 2179 hominis
422 2135 523 2179 natura
534 2118 675 2180 videatur.
689 2116 794 2199 Itaque
803 2136 821 2179 e
831 2138 900 2179 con·

221 2197 308 2255 trario
344 2197 487 2259 moderati
518 2195 727 2279 aequabilesque
757 2197 900 2270 babitus,

221 2274 412 2352 affedliones‚
435 2277 554 2358 ususque
578 2282 709 2359 corporis
729 2321 740 2352 ,
764 2296 832 2360 apta
849 2274 901 2341 ess'e

222 2356 261 2415 ad
279 2374 410 2419 naturam
427 2358 572 2421 videntur.
747 2364 749 2369 ’
867 2406 869 2411 -

265 2435 311 2512 36.
333 2436 397 2497 Jam
415 2440 490 2497 verb
508 2439 620 2497 animus
637 2458 697 2497 non
716 2434 771 2500 effe
786 2434 903 2511 solium,

219 2510 269 2570 sed
288 2515 375 2575 etiam
395 2514 541 2592 cujusdam
558 2517 640 2579 modi
660 2517 751 2578 debet
767 2514 846 2593 effe,
873 2533 904 2577 ut

221 2591 254 2649 &
267 2612 370 2652 omnes
386 2613 481 2674 partes
499 2595 604 2656 habeat
620 2599 806 2669 incolumes,
823 2596 904 2658 &de

219 2672 370 2732 vinutibus
397 2675 475 2735 nulla
501 2674 585 2739 desit.
610 2677 710 2758 Atque
729 2679 761 2736 in
780 2674 905 2737 sensibus

220 2750 262 2812 est
281 2750 329 2812 sua
349 2751 485 2839 cujusque
504 2758 619 2830 virtus,
645 2774 678 2817 ut
700 2776 740 2817 ue
782 2756 832 2817 uid
850 2759 906 2817 im·

219 2833 319 2914 pediat
331 2877 340 2905 ‚
353 2837 412 2916 qul)
426 2836 519 2896 minius
536 2834 585 2897 suo
600 2833 695 2897 sensus
708 2778 833 2919 quilque
846 2856 906 2897 mu·

220 2934 291 2977 nete
310 2912 444 2998 fungatur
458 2921 488 2978 in
507 2918 541 2975 iis
557 2917 643 2977 rebus
664 2915 802 2978 celeriter
820 2938 855 2979 ex
877 2936 907 2977 e·

221 2994 339 3135 pitdppe
363 2995 580 3081 percipiendis,
602 3018 667 3079 que
691 2994 832 3079 subjeiiae
850 2940 909 3063 lut

237 3092 298 3136 eust
319 3094 361 3135 us.
853 3118 862 3127 .
