2125 4067
185 514 263 613 438
313 508 734 587 Tusauzaunrtn'ur

183 634 344 714 diligamus.
355 629 432 692 Nam
441 627 523 707 quod
532 628 626 700 aiunt,
638 627 797 711 plerosque
805 648 872 691 cotra

184 712 369 774 solarionibus
393 710 463 771 nihil
484 710 601 781 levari,
626 708 869 792 adiunguntque,

184 792 383 855 consolatores
407 788 482 871 ipsos
507 787 640 849 confiteri
667 789 697 851 se
723 790 868 866 miseros,

185 893 275 954 quum
295 872 333 932 ad
351 893 403 934 eos
421 874 563 950 impetum
578 868 660 930 suum
671 869 789 932 fortuna
806 892 871 931 con-

185 954 307 1014 verterit
323 974 334 1027 3
351 969 503 1046 urtumque
521 947 699 1012 diss'olvitur:
716 951 781 1013 sunt
800 955 871 1014 eninr

146 1050 150 1057 '
188 1032 240 1093 ista
251 1055 311 1093 non
322 1050 429 1093 naturae
439 1032 527 1104 vatia,
542 1029 593 1091 sed
603 1031 715 1112 culpat:
734 1031 873 1094 stultitiam

187 1132 286 1175 autem
320 1112 450 1174 accusare
480 1114 614 1192 quamvis
643 1134 681 1173 co
704 1112 769 1175 iosd
800 1114 871 1174 licet.

188 1193 365 1276 Nam&qui
373 1216 432 1255 non
442 1193 671 1273 levantur‚ipsia
698 1193 728 1255 se
738 1193 873 1256 miseriam

187 1278 327 1348 invitant;
339 1277 368 1335 tlt
382 1277 429 1355 qui
443 1273 507 1334 suos
520 1272 598 1333 casus
608 1274 694 1334 aliter
707 1274 823 1347 ferunt,
835 1291 872 1334 at·

188 1375 247 1437 que
257 1374 288 1415 ut
301 1356 430 1415 audiores
441 1356 500 1414 aliia
514 1357 569 1434 ipsi
586 1352 725 1429 fuerunt,
741 1377 804 1417 non
814 1355 869 1415 suut

190 1438 355 1496 vitiosiores
371 1435 458 1516 quim
477 1434 537 1495 fere
558 1434 715 1516 plerique,
734 1439 785 1517 qui
804 1437 875 1495 avari

190 1536 314 1590 avaros,
350 1517 427 1577 loriae
443 1514 565 1596 cupidos
585 1516 707 1596 gloriosi
720 1517 874 1598 reprehen-

192 1597 314 1657 duntte
357 1599 435 1657 enim
473 1598 602 1676 roprium
619 1593 747 1657 stultitia
762 1599 876 1659 aliomm

192 1677 262 1737 vitia
276 1696 416 1749 cernere,
431 1619 561 1736 oilivisci
572 1674 701 1738 suorum.
840 1746 842 1751 ¹

198 1796 202 1804 ·
229 1774 281 1833 74.
300 1755 357 1817 Sed
373 1760 506 1817 nimirum
518 1757 575 1817 ltoe
592 1761 757 1817 maximum
772 1754 813 1819 eil
829 1776 877 1818 ex·
913 1810 916 1827 ,

188 1839 410 1919 perimentum,
430 1859 519 1917 quum
538 1834 650 1915 constet
677 1838 876 1919 aegritudinem

191 1915 335 1979 vetustate
354 1918 442 1989 tolli,
465 1917 537 1976 hanc
554 1919 612 1976 vim
631 1937 693 1976 non
710 1914 770 1978 effe
789 1916 878 1977 indie

193 2000 319 2080 positam
331 1997 398 2070 ‚sed
410 2000 438 2057 in
451 2001 628 2079 cogitatione
644 1996 798 2057 diuturna:
808 2014 879 2057 nata

193 2081 217 2139 si
233 2079 264 2140 δι
279 2079 383 2139 eadem
394 2099 438 2138 tes
450 2076 490 2137 eli
502 2122 510 2147 ‚
524 2079 553 2136 dt
565 2077 642 2136 idem
655 2075 699 2137 est
708 2077 822 2152 homo,
832 2076 877 2159 qul

194 2157 290 2241 potest
307 2160 462 2241 quidquam
479 2158 515 2217 de
535 2157 639 2216 dolore
655 2158 761 2233 mutari
774 2201 784 2230 ‚
798 2159 822 2217 ai
836 2175 880 2217 tte·

194 2260 251 2320 que
264 2241 301 2300 de
318 2260 373 2311 eo,
386 2237 596 2319 propterquod
608 2238 708 2312 dolet,
724 2239 879 2319 quidquam

196 2319 238 2379 est
268 2338 431 2392 mutatum,
453 2338 547 2399 neque
572 2317 609 2378 de
627 2338 686 2390 eo,
726 2320 757 2378 ui
779 2318 879 2378 dolet?

194 2398 347 2479 Cogitatio
358 2403 441 2481 igitur
452 2401 584 2460 diuturna
597 2399 664 2459 nihil
676 2419 693 2459 e
717 2401 815 2459 einre
826 2416 882 2458 ma·

193 2479 233 2552 li,
247 2481 341 2538 dolori
355 2481 506 2550 medetur,
519 2501 578 2539 non
590 2479 648 2559 ipsa
661 2480 839 2538 diuturnitas.

236 2558 368 2618 XXXI.
386 2559 443 2618 Hic
464 2562 532 2619 mihi
554 2557 674 2619 afferunt
687 2557 876 2622 mediocrita-

192 2653 237 2700 tes
251 2659 259 2709 3
275 2660 339 2718 quae
357 2642 378 2697 si
398 2642 543 2700 naturales
563 2640 643 2712 sunt,
660 2636 726 2719 quid
743 2656 819 2716 opus
836 2633 878 2695 est

194 2719 418 2791 consolatione?
441 2736 540 2780 natura
551 2723 627 2780 enim
639 2718 699 2800 ipsa
717 2716 882 2778 terminabit

194 2803 317 2861 modum
328 2822 337 2872 ·‚
356 2804 398 2860 sin
413 2802 594 2882 opinabiles,
608 2802 710 2880 opinio
722 2802 787 2858 rora'
796 2796 884 2855 tolla·

193 2898 251 2943 tur.
270 2882 345 2942 Satis
364 2883 468 2943 dilium
487 2881 545 2943 elle
563 2883 715 2952 arbitror,
736 2876 884 2961 aegritudi-

194 2983 262 3022 nem
285 2963 342 3025 elle
365 2969 535 3046 opinionem
560 2964 627 3022 mali
653 2959 802 3042 praesentit
823 3002 832 3030 ,
853 2958 884 3016 in

193 3063 251 3121 qua
269 3048 409 3125 opinione
427 3046 498 3109 illud
517 3046 609 3120 insit,
628 3059 660 3103 ut
681 3038 885 3125 egritudinem
