2125 4067
310 532 478 602 Lrnan
517 541 743 602 antarum·
817 534 870 622 29

179 647 262 710 intus'
289 650 385 708 etiam·
401 647 430 706 in
454 644 555 707 animis
577 645 689 707 inclusae
714 649 787 714 inter
809 643 871 713 sese

185 727 328 788 dissident
345 743 431 807 atque
444 727 628 800 discordant3
642 748 679 788 ex
700 749 759 809 quo
776 722 869 786 vitani

182 809 396 879 amarissimam
414 807 524 868 neceile
542 806 583 867 est
596 805 690 867 effici:
706 826 737 867 ut
758 807 870 889 sapiens

186 885 283 963 'solum
300 929 311 958 ,
328 887 475 964 amputati
493 888 713 969 circumcisique
733 888 872 951 inanitate

183 968 273 1042 *omni
287 966 319 1024 dc
336 984 453 1038 errore,
464 981 572 1024 naturae
587 965 689 1026 finibus
704 984 872 1042 contentus,

186 1048 251 1125 sine
271 1044 441 1127 aegritudine
458 1046 571 1126 possit,
591 1046 624 1105 &
643 1049 703 1106 sine
723 1065 802 1106 metu
822 1049 873 1109 vi·

185 1146 270 1188 vere.
553 1190 555 1195 ,
806 1182 809 1187 .

146 1203 149 1207 ’
181 1232 184 1237 ·
230 1223 279 1286 45.
298 1204 376 1285 Quae
396 1203 437 1265 est
456 1206 536 1266 enim
557 1219 605 1277 aut
622 1205 746 1277 utilior,
765 1220 813 1264 aut
833 1203 872 1264 ad

187 1280 267 1345 bene
279 1285 438 1345 vivendum
451 1289 547 1366 aptior
557 1287 694 1365 partitio,
709 1284 795 1368 quim
813 1284 874 1360 illa,

169 1367 248 1445 ·qud
263 1363 309 1443 'est
329 1365 393 1443 usus
412 1364 578 1446 Epicurus?
598 1367 647 1448 qui
669 1386 758 1426 unum
779 1364 871 1449 genu'r

184 1443 286 1525 posuit
304 1463 402 1504 earum
420 1446 625 1526 cupiditatum,
645 1465 708 1526 quae
727 1443 817 1507 ellent
836 1444 869 1507 dt
901 1507 903 1510 a

184 1520 333 1584 naturales
349 1527 381 1601 &
396 1524 569 1602 necellariae:
582 1527 725 1600 alterum,
743 1530 807 1607 quae
817 1523 873 1592 ‚nai-

188 1603 400 1683 turalesessent
414 1611 424 1679 ,'
441 1627 496 1666 nec
510 1623 606 1666 tamen
620 1606 795 1669 necessariae:
812 1623 872 1669 terb

186 1686 281 1758 tium,
301 1706 364 1767 quae
375 1706 429 1746 nec
440 1686 600 1760 naturales,
617 1708 673 1748 nec
689 1685 870 1748 netellariae:

188 1784 309 1846 quarum
334 1786 369 1827 ea
390 1770 462 1828 ratio
481 1766 548 1840 est,
573 1785 605 1826 ut
628 1766 787 1829 netellariae
813 1787 870 1827 nec

186 1847 280 1927 'operi
307 1847 414 1921 multi,
438 1868 494 1925 nec
516 1849 648 1928 impensi
671 1850 870 1928 expleantut't

188 1943 228 1986 ne
253 1927 395 1993 naturales
420 1929 542 2008 quidem
564 1927 655 1987 multa
681 1928 873 2000 desiderant,

211 2024 346 2087 ruptetea
357 2002 445 2089 quiid
462 2007 521 2088 ipsa
540 2024 639 2064 natura
655 2006 788 2080 divitias,
807 2007 872 2088 qni·

186 2029 243 2149 lus
254 2105 393 2147 contenta
411 2090 467 2160 sit,
484 2089 516 2147 &
536 2086 694 2167 parabiles,
717 2088 748 2146 dt
767 2088 872 2145 termi-

190 2183 272 2224 natas
292 2167 379 2225 habet
392 2187 399 2224 ε
413 2169 541 2225 inanium
562 2184 660 2226 autem
681 2167 872 2244 cupiditatum

189 2263 247 2306 nec
261 2245 364 2304 modus
379 2239 473 2316 ullus,
486 2265 541 2304 nec
553 2244 617 2303 finis
628 2246 750 2304 inveniri
767 2243 873 2324 potest.

232 2323 333 2385 XIV.
356 2323 447 2403 Qubd
464 2324 486 2382 si
505 2326 595 2384 vitam
615 2344 733 2384 omnem
756 2341 873 2405 pertur-

146 2427 151 2430 ·
189 2405 252 2466 bari
268 2405 400 2466 videmus
413 2425 511 2465 errore
526 2405 558 2464 dt
577 2403 722 2468 inscientia
734 2426 742 2478 3
755 2405 871 2486 sapien-

190 2488 317 2568 tiamque
335 2484 391 2546 elle
407 2485 515 2557 solam,
535 2480 598 2566 cpuae
612 2508 666 2547 nos
683 2509 700 2546 a
721 2487 871 2550 libidinum

190 2567 302 2647 impetu
327 2565 562 2627 &formidinum
583 2586 695 2627 terrore
717 2569 871 2642 vindicet,

191 2647 225 2706 δι
242 2649 329 2726 ipsius
342 2645 464 2705 fortunae
480 2648 596 2706 modice
611 2647 688 2707 ferre
707 2647 813 2708 doceat
825 2650 871 2706 in·

190 2723 296 2806 jurias,
316 2726 348 2784 &
366 2747 468 2786 omnes
484 2725 626 2787 monstret
647 2729 729 2798 vias,
752 2749 815 2806 quae
832 2726 871 2785 ad

189 2806 321 2884 quietem
334 2805 366 2862 &
374 2807 608 2884 tranquillitatem
616 2807 728 2876 ferant3
739 2806 808 2886 quid
819 2804 874 2880 est,

189 2903 244 2944 cur
254 2882 416 2942 dubitemus
424 2884 742 2964 dicere,&sapientiam
751 2901 871 2964 propter

189 2963 376 3044 voluptatem
395 2959 611 3042 expetendam,
630 2964 662 3023 &
681 2965 872 3044 insipientiam

170 3129 176 3137 Ι
190 3059 313 3129 propter
330 3041 475 3108 molestias
487 3041 544 3107 elle
560 3043 751 3189 fugiendfim}
797 3105 802 3113 ,

718 3146 751 3209 ιι)
