2125 4067
189 506 264 608 42'8
317 478 745 581 T‘vscvututwit

188 626 292 704 Quum
315 627 393 686 enim
419 622 593 704 paupertatis
621 639 680 679 utta
709 616 863 702 eade'tnq'ut

188 710 225 766 tit
239 707 306 775 vis,
322 704 459 784 quidnam
475 703 529 762 dici
543 697 660 781 potest,
677 699 864 779 quamobrem

190 783 231 846 C.
248 784 381 845 Fabricio
400 783 556 843 tolerabilis
575 800 610 840 ea
631 778 744 854 fuerit,
763 780 809 840 alii
824 799 866 839 ue·

191 863 313 946 gentse
339 862 415 923 ferre
440 859 552 942 poffe?
580 859 658 918 Huic
686 861 695 917 i
717 861 775 919 itur
797 859 867 919 arrei

214 946 294 1005 eneti
309 944 406 1002 similis
421 941 462 1002 est
476 962 510 1002 ea
523 941 597 1000 ratio
611 938 701 999 conso
732 940 800 1014 ndi,
815 959 868 1021 qua
901 974 903 1021 5

189 965 286 1084 docet
307 1022 430 1082 humana
448 1019 525 1094 effe,
543 1040 607 1101 quae
624 1019 803 1079 acciderint:
817 1038 868 1079 non

192 1105 277 1165 e'nim
294 1100 386 1162 solim
401 1101 431 1161 id
448 1104 581 1162 continet
598 1118 633 1158 ea
652 1097 808 1179 disputatio
818 1114 868 1173 ‚we

196 1184 394 1263 cognitionem
412 1177 512 1240 afferat
537 1181 652 1262 generis
669 1178 812 1252 humani3
827 1176 868 1237 sed

197 1259 357 1401 {iignfffim’
370 1261 528 1356 tolerabilia
541 1257 618 1333 effe,
634 1280 702 1340 quae
719 1259 753 1320 δι
768 1259 867 1319 tulerint

228 1374 232 1385 ·
264 1358 345 1401 erant
362 1359 461 1400 ceteri.

238 1419 371 1480 XXIV.¹
398 1418 446 1479 De
473 1432 644 1499 paupertate
665 1421 776 1500 agitur:
798 1414 866 1476 muti

198 1502 343 1582 patientes
362 1516 508 1580 pauperes·
524 1516 806 1558 commemorantur.
829 1494 867 1555 De

166 1602 169 1609 ·
202 1579 422 1639 contemnendo
448 1579 585 1638 honore:
611 1578 698 1637 multi
718 1576 870 1638 inhonorati

77 3452 181 3546 ,κ

199 1658 405 1798 aeternatur,
427 1657 590 1738 &quidem
606 1676 730 1738 propter
749 1655 872 1738 idipsum

242 1741 346 1798 atiores
358 1759 367 1810 ;
382 1758 541 1818 eorumque
553 1781 563 1810 ‚
575 1739 625 1816 qui
635 1741 784 1818 privatum
796 1738 874 1798 orion

202 1819 328 1898 negotiis
344 1819 464 1897 publicis
480 1817 700 1891 comoderunt,
716 1818 876 1879 nominatim

201 1898 262 1958 vita
282 1897 431 1957 laudatur:
452 1917 506 1957 nec
520 1897 619 1957 siletur
634 1897 708 1957 illud
722 1896 878 1978 potentissi-

196 1980 247 2037 -mi
263 1979 337 2058 regis
360 1977 553 2057 anapaestum,
573 1978 622 2055 qui
643 1976 744 2037 laudat
763 1980 877 2049 senem,

206 2054 432 2116 &fortunatum
454 2054 509 2117 effe
538 2057 630 2129 dicit,
648 2056 732 2135 quod
753 2058 879 2139 inglorius

205 2138 243 2197 ait
255 2154 340 2217 atque
352 2136 486 2220 ignobilis
500 2134 537 2197 ad
549 2135 716 2216 supremum
733 2137 814 2199 diem
825 2155 881 2219 pet·

208 2234 356 2280 venturus.
620 2228 623 2234 '

199 2329 202 2334 ·
251 2297 298 2376 58.
315 2297 450 2359 Similiter
466 2300 733 2360 commemorandis
751 2296 882 2379 exempto

207 2376 347 2437 orbitates
368 2398 486 2459 quoque
505 2378 664 2439 liberorum
678 2381 885 2460 praedicantur,

206 2474 394 2538 eorumque,
422 2460 470 2536 qui
499 2460 614 2536 gravids
640 2458 770 2533 ferunt,
797 2458 885 2517 ludius

205 2533 327 2593 aliorum
341 2536 481 2614 exemplis
497 2537 661 2598 leniuntur:
678 2543 719 2601 sic
734 2540 885 2617 perpessio

206 2631 370 2673 ceterorum
392 2614 482 2687 facit,
505 2634 537 2676 ut
557 2637 613 2689 ea,
629 2640 692 2699 quae
709 2617 886 2688 acciderint,

207 2693 300 2754 multo
322 2696 433 2753 minora
444 2731 456 2768 ‚-
476 2696 565 2774 quim
606 2717 701 2759 tanta.
714 2701 771 2759 sint
793 2695 888 2757 existi·

209 2791 311 2847 mata,
332 2775 504 2835 videantur:
526 2777 567 2835 ita
584 2719 742 2840 dtsen'sim
761 2780 888 2859 cogitan-

208 2855 309 2930 tibus,
329 2873 379 2928 ut,
402 2870 541 2936 quantum
558 2858 593 2915 sit
613 2862 756 2921 ementita
773 2859 888 2937 opinio.

207 2953 354 3015 appareat.
369 2936 469 3018 Atque·
483 2935 540 2997 hoc
555 2937 635 2998 idem
655 2939 688 3001 &
698 2938 831 3003 Telamo
847 2936 890 2998 ille

210 3016 357 3091 declarat,

210 3115 263 3185 Ego
275 3134 341 3183 quum
349 3113 419 3185 genui
428 3145 436 3172 ,
451 3116 586 3173 moriturum
590 3113 653 3188 scivi
661 3137 672 3178 3
