2125 4067
267 544 346 642 ‘3⁶⁰
399 538 828 611 rosconmon

266 658 354 727 dixit;
370 670 481 713 tantum
493 653 524 711 iu
544 646 646 706 dolore
664 644 744 703 duxit
766 645 851 706 mali:
870 658 946 708 cete-⁴

267 724 291 804 ii
303 779 311 808 ,
326 751 430 814 praeter
442 732 613 800 Zenonem,
625 722 793 786 Aristonem
799 771 813 800 ,
824 725 947 806 Pyrrho·

268 835 338 876 nem
347 858 358 885 ,
371 812 451 872 idem
465 809 546 881 sere,
564 804 645 887 quod
661 806 754 866 modo
772 824 828 879 ως
849 808 947 875 malum

268 883 341 960 illud
382 890 498 961 uidem,
511 887 563 959 sed
579 887 633 947 alia
648 883 764 966 pejora.

313 971 360 1032 16.
398 993 451 1053 rgo
464 969 495 1030 id
506 967 588 1050 quod
599 982 698 1026 natura
708 965 770 1047 ipsa
782 966 814 1026 δι
824 965 948 1048 quiedam

271 1051 411 1135 generosa
434 1052 523 1110 virtus
545 1046 639 1107 statim
661 1045 788 1126 respuit,
804 1066 843 1106 ne
866 1046 949 1119 dolo·

270 1153 334 1194 rem
351 1130 493 1194 summum
515 1126 624 1188 malum
643 1126 779 1198 diceres,
798 1129 948 1208 opposito·

271 1206 328 1292 que
348 1210 493 1271 dedecore
509 1207 650 1277 sententid
661 1206 863 1286 depellerere,
876 1209 949 1268 ineo

272 1289 402 1371 magistra
419 1291 486 1348 vitae
504 1286 687 1371 philosophia
705 1303 753 1348 rot
773 1285 870 1348 secula
889 1307 949 1366 per,-

272 1387 380 1436 manet.
405 1366 498 1447 Quod
520 1368 588 1429 huic
610 1363 765 1440 officium,
788 1385 854 1446 quae
876 1366 949 1440 laus,

295 1449 354 1509 uod
372 1447 458 1512 decus
475 1449 529 1507 erit
545 1447 638 1520 tanti,
656 1446 738 1526 quod
753 1445 874 1526 adipisci
891 1467 948 1506 curu

272 1473 376 1589 dolore
395 1529 525 1608 corporis
543 1527 639 1600 velit,
658 1529 708 1607 qui
727 1525 868 1595 dolorem
883 1525 949 1586 sum·

273 1631 354 1670 mum
375 1608 483 1666 malum
504 1607 557 1666 sibi
578 1604 637 1666 esse'
656 1604 851 1687 persuaserit?
873 1626 949 1688 quam

272 1691 362 1769 porro
381 1689 443 1767 quis
461 1687 670 1768 ignominiam,
712 1707 782 1746 uam
803 1687 950 1768 turpitudi-

245 1787 340 1831 lnem
357 1789 417 1826 non
435 1766 605 1846 pertulerit,
621 1782 652 1825 ut
668 1708 788 1848 edugiat
802 1766 949 1840 dolorem,

272 1851 296 1928 si
322 1847 353 1906 id
382 1846 524 1917 summum
550 1845 658 1911 malum
677 1843 739 1917 ,effe
768 1846 949 1923 deereveriti

274 1930 337 2010 quis
361 1944 459 1989 autem
483 1946 544 1987 non
565 1924 648 1989 miser
667 1947 729 2002 uon
751 1927 853 1994 modi>
866 1946 950 1999 tunc,

274 2029 364 2088 quum
383 2024 532 2088 premetur
550 2004 665 2064 summis
688 2006 867 2082 doloribus,
888 2009 950 2071 siin

273 2090 317 2149 his
334 2078 375 2148 est
387 2087 532 2149 summum
548 2086 677 2159 malum,
693 2086 743 2149 sed
761 2090 853 2159 etiarn
871 2107 950 2168 quum

273 2159 342 2252 sciet
361 2166 391 2245 id
406 2167 462 2236 ,sibi
482 2164 563 2246 posse
581 2167 729 2227 evenire?
758 2169 791 2228 δι
812 2170 876 2250 quis
896 2166 950 2240 est,

275 2250 320 2324 eui
338 2269 398 2308 non
414 2247 527 2328 possit?
547 2243 590 2304 lta
605 2243 655 2320 fit,
675 2265 707 2307 ut
725 2251 851 2309 omnino
869 2268 951 2320 nemo

276 2327 332 2389 esse
340 2332 431 2407 possit
440 2329 551 2388 beatus.
563 2325 752 2403 Metrodorus
763 2329 883 2412 quidem
891 2348 951 2397 eum

271 2407 399 2488 persedie
427 2423 518 2486 putat‘
531 2407 651 2466 beatum
668 2432 686 2482 ,·
702 2413 746 2468 cui
769 2430 868 2488 corpus
892 2410 950 2466 bene

272 2489 439 2566 constitutum
459 2489 521 2558 sit,
545 2487 573 2544 δ’
597 2487 768 2566 exploratum
785 2491 828 2559 ,ita
848 2486 950 2566 semper

264 2563 347 2643 fhre:
361 2567 422 2644 quis
435 2582 532 2644 autem
540 2564 584 2645 'est
595 2564 664 2641 iste,
674 2571 721 2629 cui
732 2568 761 2631 id
770 2565 950 2648 exploratum

271 2645 363 2725 possit
377 2641 443 2709 esse.
905 2670 907 2675 ·

279 2775 285 2805 .··
312 2721 394 2782 v·11.
420 2714 558 2804 Epicurus
580 2727 653 2788 verb
674 2747 709 2788 ea
723 2727 811 2801 dicit,
833 2743 867 2787 ut
886 2724 951 2787 mihi

274 2804 392 2886 quidem
417 2805 484 2864 risus
511 2823 627 2887 captare
652 2807 810 2867 videatur:
836 2805 952 2867 affirmat

273 2889 351 2954 enim
371 2886 498 2966 quodam
513 2887 602 2961 loco,
624 2890 657 2947 Si
670 2907 767 2947 uratur
779 2886 913 2968 sepiens,
927 2885 952 2952 si

274 2967 434 3039 crucinam
458 2966 601 3047 exspedas
623 2966 738 3027 fortaffe
761 2967 833 3026 dum
858 2967 953 3041 dieat,

263 3047 418 3127 patietur,
438 3047 584 3128 perferet,
603 3068 664 3110 non
676 3046 864 3131 succumbet.
884 3045 955 3107 Ma.-

899 3143 954 3209 gna
