2125 4067
258 544 336 625 odo
368 539 809 637 ,Tunc-numana

254 663 357 741 ¹liam,
376 680 407 723 ut
432 661 555 736 scimus,
586 660 722 739 Ennium.
746 661 822 742 Qub
846 660 939 724 minis

256 747 341 805 'itur
366 744 484 803 honoris
515 760 576 803 erat
606 744 700 822 poetis
723 785 733 812 ,
762 745 803 803 eb·
827 745 936 804 minora

252 767 347 886 'liudizi
364 819 497 897 fuerunt:
512 843 566 882 nec
583 838 681 881 tamen
697 865 710 890 ,
725 823 750 880 si
765 823 816 903 qui
831 825 940 904 magnit

255 904 379 999 ingeniis
403 905 432 962 in
458 923 498 963 eo
524 922 632 984 genere
649 893 847 976 exstiterunt,
876 923 935 964 nou

255 980 322 1045 saus
339 977 512 1045 Graecorum
531 983 629 1064 gloria
639 972 867 1060 responderunt.

299 1086 329 1140 4.
352 1064 402 1124 An
422 1063 596 1136 censemus,
619 1057 642 1121 si
660 1054 775 1135 Fabio,
796 1060 940 1123 nobilissis

257 1166 310 1208 mo
339 1145 452 1205 homini
472 1188 483 1216 ,
505 1143 583 1202 laudi
609 1137 705 1201 datum
728 1140 799 1203 ellet
821 1189 833 1217 ‚
858 1139 937 1224 qubd

257 1227 413 1306 pingeret,
443 1244 504 1284 non
532 1223 639 1282 multos
663 1222 753 1281 etiam
781 1222 861 1303 apud
883 1241 936 1295 nos

256 1299 371 1366 futuros
398 1298 567 1382 Polycletos
590 1303 623 1362 δι
648 1296 812 1363 Parrhasios
833 1298 938 1363 fuiss'e?

260 1383 371 1447 Honos
391 1384 440 1457 alit
463 1402 560 1456 artes,
581 1379 746 1463 omnesque·
761 1381 940 1443 incendimur

259 1465 299 1525 ad
318 1462 408 1522 studia
429 1463 543 1544 gloriim
568 1455 722 1541 jacentque
742 1480 777 1522 ea
798 1461 861 1524 ¹sem
883 1480 941 1536 er,

259 1565 325 1625 quae
350 1542 428 1624 apud
454 1536 581 1623 quosque
616 1541 828 1622 improbantur.
855 1485 942 1605 dum·

259 1644 339 1685 mam
355 1624 554 1701 ,eruditionem
573 1617 671 1683 Graeci
689 1624 773 1682 sitam
787 1621 943 1684 censebant

258 1701 289 1765 in
312 1723 470 1763 nervorum
490 1722 657 1782 vocumque
680 1702 833 1764 cantibus:
861 1704 947 1785 igitur

260 1782 296 1844 &
307 1780 544 1864 Epaminondas,
561 1785 717 1864 princeps,
732 1803 802 1843 meo
816 1781 942 1863 judicio,

261 1858 403 1939 Graeciae,
417 1860 521 1923 fidibus
532 1862 668 1944 praeclare
681 1856 812 1924 c'eciniffe
827 1862 945 1925 dicimrz

261 1938 531 2025 Themistoclesque
542 1940 652 2024 aliquot
661 1959 727 2003 ante
737 1962 943 2026 annos,qnurn

261 2023 292 2091 in
322 2025 414 2104 epulis
442 2020 739 2104 recusaffet'lyratn,
764 2022 878 2084 habitus
904 2018 944 2085 est

264 2105 418 2165 indodlior.
437 2101 519 2185 Ergo
538 2107 568 2164 in
590 2101 705 2165 Graecia
722 2104 826 2164 musici
842 2104 945 2165 flome-

259 2203 349 2259 runt,
368 2183 575 2265 discebantque
596 2184 627 2244 id
649 2204 776 2258 omnes,
796 2205 879 2259 nec,
896 2184 945 2267 qui

260 2267 432 2338 nesciebat,
449 2264 513 2325 satis
531 2264 663 2326 excultus
679 2262 808 2325 dodirind
823 2265 946 2346 putaba-

260 2342 318 2404 tur'.
331 2345 364 2404 In
378 2344 491 2405 summo
511 2346 590 2426 apud
606 2344 672 2405 illos
689 2344 804 2407 honore
821 2363 945 2440 geome-

262 2426 315 2482 tria
334 2423 406 2484 fuit:
428 2427 524 2506 itaque
547 2424 617 2483 nihil
641 2425 848 2485 mathematicis
864 2419 944 2484 illus·

260 2503 350 2583 ttius:
371 2520 399 2562 at
417 2524 492 2576 nos,
512 2505 676 2599 metiendi,
696 2503 946 2589 ratiocinandique

259 2582 496 2663 utilitate,hujus
506 2585 574 2642 artis
583 2584 803 2651 terminavimus
812 2584 945 2647 moduni.

296 2661 376 2723 .111.
408 2662 453 2723 At
488 2660 589 2724 contra
625 2683 775 2735 oratorem
798 2662 948 2727 'celeriter

265 2744 414 2823 complexi
432 2742 545 2804 sumus:
566 2765 621 2805 nec
642 2765 710 2805 eum
730 2746 829 2827 primi>
847 2744 949 2806 ¹erudi-

264 2839 350 2898 tum,
372 2841 471 2905 aptum
490 2842 588 2901 tamen
619 2825 656 2885 ad
680 2825 839 2886 dicendum
859 2821 947 2906 :pbst

262 2921 364 2965 autem
380 2904 533 2966 eruditum.
563 2904 640 2965 Nam
661 2903 815 2980 Galbam,
832 2904 948 2966 Africa·

263 3003 358 3054 num,
372 2984 511 3060 Laelium,
527 2984 630 3047 'dolios
640 2983 873 3047 suillo-traditum
888 2983 949 3058 est;

263 3058 423 3149 lindosum
440 3068 718 3150 ruterueuru,qui
737 3067 949 3159 litatum
