2125 4067
310 534 461 600 Lim
499 530 738 616 vav's.
790 538 876 622 229

184 646 452 708 accommodatum.
474 644 519 706 Ita
534 644 598 706 finis
617 646 762 709 bonorum
781 647 876 705 exsis-

183 729 236 800 tit,
257 725 416 807 secundim
433 744 563 786 naturam
581 730 703 799 vivere,
721 727 760 786 sic
780 723 871 784 affec·

183 821 247 865 tum
260 849 269 878 ‚
285 821 318 864 ut
331 807 448 884 optimi·
458 804 532 865 affici
546 809 638 944 {ossit
646 851 660 878 ,
669 807 708 867 td
721 823 869 866 naturam·

190 904 250 966 que
262 884 545 944 accommodatissim
565 927 573 944 .

230 981 279 1043 25.
304 963 455 1042 Quoniam
478 981 576 1024 autem
591 963 639 1023 sua
654 962 786 1044 cujusque
804 966 873 1024 ani-1

185 1045 293 1102 mantis
311 1060 412 1104 natura
431 1041 498 1115 est,
517 1041 631 1103 necesse
649 1043 690 1104 est
706 1064 820 1124 quoque
832 1042 869 1104 fi·
900 1077 903 1081 ·

184 1142 256 1182 nem
270 1127 404 1184 omnium
416 1123 491 1182 hunc
506 1121 582 1197 eise,
595 1138 628 1183 ut
640 1140 739 1182 natura
754 1124 873 1200 expiea·

185 1218 248 1261 tur:
266 1205 337 1263 nihii
352 1205 428 1264 enim
444 1204 602 1284 prohibet,
619 1203 752 1283 qnaedam
769 1200 825 1262 effe
839 1202 873 1261 Gt

184 1283 260 1342 inter
275 1284 303 1345 se
313 1284 482 1343 animalibus
494 1285 631 1363 reliquis,
648 1285 681 1343 &
696 1302 762 1342 cum
778 1280 877 1341 bestiis

184 1362 297 1422 homini
312 1367 475 1424 communia
493 1408 503 1438 ,
544 1366 662 1424 uoniam
678 1365 810 1423 omnium
830 1359 874 1423 est

184 1460 288 1503 natura
312 1446 470 1503 communis
492 1464 502 1516 ;
523 1385 577 1505 iod
604 1459 735 1506 extrema
760 1442 809 1502 illa
835 1441 871 1502 &

184 1521 296 1583 summa
321 1543 384 1603 quae
405 1524 582 1605 quaerimus,
606 1527 681 1584 inter
702 1523 869 1583 animalium

185 1622 296 1698 gqnera
313 1602 439 1664 distin&
456 1605 488 1664 &
508 1603 649 1685 dispertita
665 1602 749 1677 sunt,
768 1604 800 1662 &
820 1601 870 1662 sua

183 1703 287 1763 cuique
306 1686 443 1764 propria,
459 1684 491 1744 &
509 1685 546 1744 ad
563 1685 593 1745 id
609 1700 694 1766 apta,
712 1682 793 1765 quod
810 1702 868 1743 cu·

181 1759 282 1844 jusque
299 1781 398 1824 natura
413 1764 567 1826 desiderat.

189 1864 192 1870 ’
227 1843 274 1904 26.
289 1843 389 1924 Quare
400 1865 491 1926 quum
501 1846 642 1918 dicimus,
657 1844 792 1904 ommius
805 1843 866 1902 ani·

183 1925 306 1984 malibus
329 1944 491 1986 extremum
514 1924 593 1999 effe,
614 1924 771 1984 secundini
784 1934 873 1982 natu-¹·

183 2024 248 2062 ram
270 2007 370 2064 vivere
393 2025 404 2077 3
430 2007 553 2064 nonita
574 2003 777 2083 accipiendum
799 2001 870 2077 est,

184 2083 268 2162 quasi
284 2085 433 2154 dicamus,
447 2104 539 2143 unum
555 2081 611 2143 esse
626 2085 758 2143 omnium
775 2098 872 2141 extre·

184 2181 291 2221 mum:
318 2161 368 2222 sed
384 2182 416 2222 ut
437 2166 569 2223 omnium
591 2166 693 2223 artium
714 2161 791 2221 τεᾶὶὲ
815 2160 873 2220 diti

185 2239 285 2322 potest
295 2262 451 2301 commune
469 2241 525 2302 effe
536 2287 546 2316 ‚
558 2260 590 2301 ut
604 2245 634 2301 in
648 2243 742 2320 aliqua
755 2241 873 2300 scientia

184 2319 354 2395 versentur,
368 2319 515 2384 scientiam
530 2339 628 2383 autem
641 2319 719 2380 suam
735 2319 873 2402 cujusque

184 2404 253 2461 artis
273 2399 328 2462 effe
344 2423 360 2475 3.
375 2403 592 2464 sic-commune
616 2403 778 2462 animalium
798 2423 868 2462 om·

184 2485 264 2542 nium
274 2481 431 2543 secundini
446 2499 576 2543 naturam
589 2485 692 2544 vivere
701 2528 712 2557 ‚
722 2482 770 2544 sed
785 2500 870 2543 natu·

184 2584 229 2622 ras
244 2560 299 2623 effe
314 2563 460 2636 diversas,
475 2582 507 2624 ut
520 2563 598 2625 aliud
612 2584 693 2647 equo
702 2565 737 2624 sit
748 2581 870 2636 natura,

184 2643 262 2702 aliud
281 2642 376 2718 bovi,
400 2645 479 2705 aiiud
496 2643 629 2719 homini,
657 2645 690 2705 &
715 2661 815 2704 tamen
837 2645 871 2701 in

185 2721 321 2782 omnibus
338 2723 449 2783 summa
476 2727 663 2794 communis,
690 2724 722 2782 &
748 2723 870 2802 quidem

185 2821 248 2860 non
275 2799 366 2859 soliim
392 2804 422 2859 in
446 2804 638 2875 animalibus,
659 2799 709 2860 sed
731 2805 819 2862 etiam
839 2802 871 2861 in

185 2881 273 2940 rebus
287 2879 421 2938 omnibus
430 2880 463 2938 iis
474 2923 484 2951 ,
494 2900 563 2958 quas
575 2897 675 2939 namra
685 2879 733 2938 alit
744 2923 753 2949 ‚
766 2897 869 2961 auget,

187 2963 221 3021 &
239 2975 356 3032 tuetur3
374 2962 402 3018 in
422 2959 525 3038 quibus
542 2959 699 3030 videmus,
718 2978 776 3032 ea,
803 2981 869 3040 quae

184 3045 339 3126 gignuntur
355 3060 373 3102 e
390 3060 490 3116 terra,
514 3039 606 3101 multa
628 3037 754 3122 quodam
774 3043 869 3106 modo
