2125 4067
232 517 387 584 Lrnrn
421 526 702 582 sncuunus.
741 515 819 602 '113‘

133 627 209 688 tiora
220 672 230 699 ‚
243 623 316 687 'mihi
329 627 416 688 crede
426 673 436 701 ,
447 626 602 709 Torquate
613 669 622 700 ,
638 625 696 683 nati
707 620 801 683 sumus
812 642 820 682 a

125 729 190 767 >nec
204 707 236 766 id
246 728 284 767 ex
298 711 384 768 animi
398 707 492 767 solium
505 708 652 787 partibus,
668 706 698 762 in
717 704 820 785 quibus

134 787 211 846 inest
229 790 373 846 memoria
390 807 486 847 rerum
497 785 766 856 innumerabilium,
787 784 822 844 δι

137 885 176 925 ea
190 865 311 944 quidem
324 864 431 924 infinita
442 887 452 937 3
462 864 535 926 inest
546 864 707 943 conjedura
718 863 823 925 conse·

160 948 316 1018 nentium,
332 966 394 1004 non
410 946 534 1005 multllm
546 967 561 1003 a
574 946 747 1006 divinatione
762 944 823 1004 dif-

135 966 256 1096 llerens3
275 1023 346 1085 inest
357 1026 529 1086 moderator
542 1023 700 1105 cupiditatis
711 1025 823 1104 pudor;
845 1032 849 1038 '

135 1103 211 1165 inest
229 1105 266 1164 ad
279 1105 436 1166 humanam
454 1104 626 1165 societatem
645 1101 755 1181 justitiae
766 1103 825 1165 lida

136 1184 267 1246 custodia
285 1206 294 1259 3
317 1185 391 1247 inest
412 1190 441 1245 in
459 1184 661 1267 perpetiendis
681 1183 827 1243 laboribus

136 1265 282 1326 adeundis
297 1286 333 1327 ue
345 1267 477 1348 periculis
485 1265 570 1325 firma
583 1266 614 1325 ὅ(
626 1263 732 1324 stabilis
747 1263 831 1323 dolo·

137 1349 177 1405 ris
187 1288 344 1427 mottidque
355 1349 552 1428 contemptio:
566 1367 637 1428 ergo
649 1346 710 1404 haec
719 1347 748 1404 in
761 1344 829 1403 ani-

139 1429 214 1484 mis:
229 1443 258 1484 tu
269 1445 365 1486 autem
383 1431 467 1488 etiam
486 1428 619 1488 membra
636 1424 695 1506 ipsa
714 1423 828 1485 sensus-

139 1527 200 1586 que
212 1507 363 1567 considera
373 1510 447 1589 ,qui
464 1508 536 1580 tibi,
547 1526 577 1566 ut
587 1505 704 1587 reliquae
715 1526 827 1588 corpo*
909 1557 912 1563 .

139 1590 181 1646 ris
199 1603 313 1666 partes,
333 1608 394 1647 non
414 1589 536 1648 comites
555 1586 647 1648 solirm
665 1589 826 1662 virtutum,

137 1663 189 1727 sed
209 1665 326 1726 ministri
343 1670 430 1728 etiarn
445 1669 629 1729 videbuntur.

185 1765 251 1819 ¹14·
274 1746 374 1827 Quid,
385 1751 408 1808 si
417 1750 465 1809 ini
487 1747 518 1810 so
531 1769 657 1830 corpore
670 1749 761 1809 multa
770 1769 827 1809 vo·-

138 1826 241 1909 luptati
274 1828 449 1908 raeponenda
462 1771 525 1890 liant
535 1874 545 1904 ,
557 1847 588 1889 ut
601 1832 677 1889 vires
688 1874 697 1902 ,
710 1831 826 1890 valetu-

139 1907 199 1981 do,
213 1850 376 1984 velocitas,
394 1909 603 1990 pulchritudo?
617 1909 688 1989 quid
704 1910 826 1968 tandem

138 1989 170 2048 in
192 1989 292 2048 animis
305 1987 429 2050 censes?
447 1990 595 2071 inquibus
610 1987 766 2048 dodissimi
785 1986 828 2055 illi

136 2085 256 2129 veteres
266 2068 352 2131 inelle
363 2069 501 2150 quiddam
515 2068 632 2130 coeleste
645 2070 677 2128 δι
697 2068 828 2130 divinum
840 2082 843 2086 “

137 2164 328 2228 putaverunt.
356 2149 451 2227 Quod
476 2151 500 2208 si
528 2147 598 2210 ellet
621 2152 650 2207 in
673 2150 829 2229 voluptate
883 2220 887 2231 ‚

136 2227 425 2299 summumbonum,
438 2243 469 2286 ut
483 2227 576 2286 dicitis
586 2249 596 2300 ·,
605 2228 734 2307 optabile
748 2227 830 2302 ellet,

138 2309 171 2367 in
189 2307 344 2387 voluptate
362 2307 598 2378 maxima,nullo
615 2309 769 2368 intervallo
781 2312 829 2367 in·

141 2385 266 2466 terjedlo
286 2432 296 2459 ‚
320 2387 382 2446 dies
403 2386 559 2468 nodesque
579 2387 711 2464 versari,
739 2410 828 2471 quum

145 2488 250 2529 omnes
268 2465 362 2528 sensus
384 2467 537 2528 dulcedine
559 2472 640 2530 omni
662 2473 742 2551 quasi
757 2492 829 2552 per·

143 2547 199 2609 fusi
221 2567 422 2610 moverentur.
450 2548 526 2628 Quis
548 2554 588 2610 est
607 2567 703 2613 autem
725 2553 828 2633 dignus

145 2631 266 2689 nomine
283 2631 433 2702 hominis,
454 2633 503 2711 qui
522 2651 610 2690 unum
632 2632 709 2691 diem
731 2649 828 2692 toturn

144 2711 221 2771 velit
234 2706 291 2768 elle
307 2713 335 2767 in
352 2708 407 2767 illo
421 2729 528 2788 genere
542 2711 720 2789 voluptatis?

186 2806 252 2865 1¹5·
272 2787 429 2866 Cyrenaici
473 2789 571 2848 uident
595 2812 655 2849 non
674 2790 826 2850 recusante

138 2866 230 2931 vestri
250 2864 310 2924 haec
329 2809 521 2925 verecundius
537 2887 546 2937 3
564 2868 605 2925 illi
622 2867 736 2928 fortalle
755 2889 829 2937 cott-¹

140 2949 271 3010 stantius.
288 2943 346 3005 Sed
361 2943 511 3004 lustremus
524 2948 622 3004 animo
635 2967 694 3005 non
705 2948 755 3006 has
767 2970 828 3010 ma-

141 3034 233 3090 rimas
252 3044 348 3099 artes,
363 3025 465 3107 quibus
485 3028 532 3106 qui
547 3026 701 3103 carebant,
720 3031 824 3092 inertes

143 3131 163 3172 a
181 3106 339 3190 majoribus
364 3107 588 3171 nominabantur
605 3108 682 3187 :led
701 3132 824 3194 quaeto,
