2125 4067
178 492 230 587 98
334 491 412 563 Du
448 509 694 565 mutuus
742 499 748 511 '

169 605 254 688 quale
273 606 320 668 sit.
343 607 513 689 Atque-hoc
531 605 652 683 dabitis,
673 626 706 670 ut
727 609 870 689 opin'or}

170 689 195 746 si
208 685 298 747 modb
314 689 350 749 sit
364 688 490 769 aliquid,
503 687 559 750 effe
570 689 688 750 beatum
698 735 710 762 ‚
722 690 753 749 id
763 711 863 771 opot-

172 783 235 827 tete
260 783 355 829 totum
379 771 451 849 poni
470 769 501 827 iu
523 769 667 851 potestate
695 769 834 833 scientis
858 792 867 831 t

171 867 269 918 nam,
290 850 313 908 si
334 852 427 910 amitti
444 849 506 908 vita
528 851 615 911 beata
635 868 707 932 pote
742 892 754 921 ‚
778 852 868 915 beata

173 924 230 988 esse
253 949 315 988 non
354 927 445 990 otest:
487 931 530 989 uis
551 933 630 991 enim
644 929 769 992 confidit
786 930 868 992 sem-

173 1026 228 1090 per
245 1008 298 1068 sibi
318 951 388 1070 iffud
400 950 498 1070 stabi‘ie
513 1009 546 1070 δι
564 1010 680 1072 firmum
693 1011 871 1093 permansuq

174 1108 267 1162 tum,
290 1089 371 1170 quod
389 1089 489 1172 fragile
511 1090 544 1150 &
565 1092 707 1152 caducum
728 1091 794 1153 sit?
815 1093 869 1174 qui

174 1186 273 1230 autem
294 1169 406 1231 diffidet
423 1191 461 1252 pe
497 1172 611 1231 etuitati
629 1173 778 1232 bonomm
799 1171 868 1235 suu·

174 1271 259 1322 tum,
277 1254 380 1311 timeat
397 1271 471 1311 nece
494 1271 511 1311 e
534 1249 597 1323 est,
617 1272 656 1313 ne
678 1252 866 1334 aliquando,

175 1331 286 1389 amissis
305 1331 378 1404 illis,
392 1334 427 1390 sit
445 1329 547 1392 miser:
564 1333 667 1392 beatus
687 1349 787 1393 autem
808 1330 871 1409 effu¹

173 1412 204 1470 in
218 1413 406 1471 maximarum
419 1430 514 1472 tetum
526 1413 633 1473 timore
646 1432 736 1473 nemo
778 1411 868 1476 otest.
903 1418 905 1422 ’

216 1488 265 1567 87.
292 1489 391 1551 Nemo
409 1494 493 1574 igitur
504 1434 799 1575 effebeatuspotefit
813 1514 868 1556 ue·

172 1589 233 1651 que
246 1573 324 1631 enim
337 1575 366 1632 in
380 1572 474 1653 aliqua
491 1591 594 1653 parte,
606 1572 655 1634 sed
670 1576 699 1634 in
712 1577 870 1656 perpetui·

173 1667 234 1711 tate
253 1654 395 1733 temporis
405 1655 463 1712 vita
476 1653 563 1714 beata
573 1655 638 1714 duci
655 1651 869 1751 soletjpeque

174 1731 701 1896 iti?iitetttstzssztssssissu
712 1756 870 1899 33quss

176 1892 247 1952 aliis
269 1894 370 1954 beatus
392 1893 448 1957 effe
466 1939 475 1968 ‚
495 1895 564 1956 aliis
587 1895 692 1957 miser:
715 1899 766 1978 qui
787 1899 867 1959 enim

175 1972 348 2035 existimabit
366 1974 446 2056 poffe
466 1976 495 2037 se
513 1976 646 2037 miserum
662 1973 719 2038 effe
734 2022 744 2050 ‚
762 1976 868 2040 beatus

176 2075 239 2114 non
258 2058 340 2116 'eritt
361 2079 428 2117 nam
453 2077 542 2138 quum
564 2056 653 2118 semel
674 2054 715 2118 est
737 2056 867 2141 suscepta

175 2134 263 2195 beata
277 2130 358 2209 uita,
374 2154 434 2196 tam
448 2153 622 2217 permanet,
636 2138 723 2220 quim
739 2137 801 2219 ipsa
818 2140 867 2200 illa

178 2214 417 2300 effectrix-beata
430 2221 498 2278 vitae
518 2217 675 2300 sapientia;
696 2238 732 2278 ne
774 2237 793 2279 e
811 2239 869 2281 ex-

176 2297 729 2381 speciatultimututempusaetatis:quo
759 2297 868 2361 Ctoeso

177 2376 273 2437 scribit
281 2379 453 2441 He'todotus
463 2399 645 2462 praeceptum
655 2401 672 2440 a
684 2378 811 2442 Solone.
824 2386 868 2444 At

179 2458 258 2516 enim
275 2501 285 2529 ‚
304 2461 552 2537 quemadmodum
573 2479 636 2521 tute
650 2460 788 2535 dioebas,
806 2480 867 2523 ue·

178 2550 227 2618 gat
249 2535 388 2618 Epicurus
408 2540 624 2602 diuturnitatem
644 2540 760 2622 quidem
784 2557 866 2602 tem·

177 2618 257 2698 poris
276 2618 313 2677 ad
330 2619 416 2680 beat&
435 2618 597 2680 vivendum
613 2621 720 2702 aliquid
738 2618 867 2699 afferte,

178 2719 234 2758 nec
257 2702 401 2760 minorem
418 2701 601 2800 voluptatem
618 2704 730 2783 percipi
749 2704 779 2761 in
795 2702 865 2765 bre·

175 2781 267 2844 vitate
277 2784 419 2862 temporis
428 2825 437 2852 ‚
447 2800 534 2861 quam
543 2785 566 2841 si
574 2783 621 2841 illa
634 2784 670 2842 sit
679 2781 864 2863 sempiterna.

226 2860 275 2922 88.
304 2861 376 2922 Haec
407 2861 540 2923 dicuutur
569 2861 831 2924 inconstantissimc
853 2878 871 2925 t·

175 2961 265 3020 quum
282 2946 360 3003 enim
375 2941 516 3004 summum
531 2944 644 3005 bonum
661 2946 691 3004 itt
707 2944 873 3025 voluptate,-

175 3040 286 3100 ponat,
303 3043 392 3107 negat
407 3025 521 3088 infinito
539 3042 675 3108 tempore
694 3027 787 3089 utatis
805 3046 867 3099 νος
