2125 4067
265 481 430 552 --Lrara
465 497 673 552 rarrrvss
739 498 836 571 297-

137 617 224 679 quum
240 597 314 656 inter
332 596 465 656 homines
484 593 575 667 estet,
591 615 657 655 eam
670 592 724 651 sibi
739 594 820 652 viam

136 675 308 739 munivisset.
336 674 448 736 Vetera
469 674 529 755 jam
551 673 601 735 issa
623 676 656 735 &
678 673 821 754 religione

130 761 268 818 'omnium
288 753 462 816 consecrata.
808 810 810 818 ,

177 835 255 895 XV.
271 833 356 912 Quid
373 839 403 894 in
418 836 472 894 hac
488 833 634 913 republica
650 850 693 894 tot
708 830 819 914 tantos·
900 879 904 887 .

135 934 196 995 que
215 918 295 974 viros
315 914 354 972 ob
371 914 578 994 rempublicam
593 913 756 974 interfectos
770 935 819 974 co·

137 992 239 1076 gitasse
272 991 474 1052 arbitramur?
503 991 640 1052 iisdemtre
662 1011 693 1053 ut
715 991 819 1053 finibus

136 1093 249 1134 nomen
268 1071 369 1147 suum,
388 1072 490 1154 quibus
503 1073 586 1143 vita,
601 1070 820 1133 terminaretur?

136 1151 236 1215 Nemo
257 1174 395 1233 umquam
421 1154 482 1212 sine
501 1171 608 1232 magna
626 1150 678 1231 spe
691 1154 823 1212 ⁴immor·

136 1232 253 1294 talitatis
272 1231 301 1294 se
320 1254 373 1313 pro
412 1233 481 1292 atria
498 1229 623 1307 offerret.
634 1232 671 1291 ad
688 1249 824 1293 mortem.

137 1313 231 1374 Licuit
244 1308 301 1374 elle
317 1254 412 1374 otioiti
427 1308 638 1384 Themistocli,
653 1313 734 1372 licuit
745 1309 825 1393 Epa·

137 1393 306 1467 minondae,
326 1393 425 1462 licuit,
443 1413 480 1452 ne
494 1393 527 1451 &
540 1408 642 1452 vetera
655 1394 688 1452 &
700 1411 823 1455 externa

138 1494 288 1554 quaeram,
307 1473 395 1532 mihi:
409 1470 458 1531 sed
477 1470 573 1532 nescio
588 1492 647 1552 quo
665 1473 757 1533 modo
775 1475 823 1534 itr-

137 1555 229 1614 haeret
244 1556 274 1612 in
292 1553 436 1613 mentibus
455 1554 535 1632 quasi
547 1548 709 1613 seculorum
724 1553 821 1635 quod·

139 1635 208 1693 dam
227 1635 374 1715 augurium
393 1629 553 1692 futurorum
565 1631 682 1713 ;,idque
702 1636 732 1693 in
752 1654 822 1708 mas

137 1715 222 1774 ximis
240 1713 361 1794 ingeniis
379 1710 574 1793 altissimisque
589 1714 690 1773 animis
716 1712 749 1774 δι
765 1734 820 1775 ex·

138 1793 208 1854 sistit
224 1793 367 1868 maxime,
395 1791 427 1853 &
442 1809 563 1873 apparet
580 1789 715 1854 facillime
729 1799 747 1853 τ’
758 1812 819 1876 quo

138 1875 254 1956 quidem
274 1874 395 1967 dempto
410 1916 420 1945 ,
440 1876 502 1953 quis
519 1888 582 1932 tam
598 1868 668 1932 eliet
688 1889 819 1949 ειιιιειιε,ι

138 1957 191 2035 qui
205 1952 318 2034 semper
341 1975 371 2013 m
390 1952 538 2018 labortlrus
566 1951 600 2011 &
616 1953 750 2032 periculis
770 1954 821 2024 vis

138 2033 254 2097 verer?

184 2131 230 2192 34.
242 2112 361 2192 Loquor
371 2109 408 2169 de
420 2108 610 2190 principibus:
622 2107 691 2189 quid
701 2110 820 2189 po'e'tae!

138 2212 240 2254 nonne
265 2187 330 2272 post
357 2205 485 2249 mortem
508 2187 653 2249 nobilitari
676 2188 781 2251 volunt
806 2187 823 2260 ἰ,

138 2273 218 2333 uude
237 2288 307 2354 ergo
320 2268 416 2328 illud?
512 2325 515 2330 .

139 2390 279 2461 Aspicite,
291 2393 307 2444 ό
319 2394 398 2449 cives,
405 2389 470 2475 serras
485 2388 569 2473 ssrmr'i.
578 2388 685 2462 inopia?
693 2388 819 2458 forrum,

175 2486 224 2536 Hic
232 2487 329 2550 restraint
336 2487 424 2556 pqnxr‘c
433 2480 609 2550 maxirrrafiffa
614 2471 717 2554 spartum·

139 2574 308 2659 Mercedem
324 2596 422 2680 gloriae
438 2596 549 2680 flagitat
562 2594 599 2655 ab
608 2596 646 2678 ¹iis
660 2598 674 2672 ‚'
689 2610 818 2678 quotum

138 2695 233 2760 patres
246 2675 379 2739 affecerat
396 2678 504 2760 gloria:
521 2675 676 2757 idemque,
741 2741 743 2745 ,

138 2802 217 2855 Nemo
227 2815 262 2846 me
273 2797 381 2863 lacrymis
388 2788 498 2852 decoret,
509 2813 553 2845 nec
561 2795 654 2846 Funera
663 2794 742 2861 leffum
802 2839 806 2845 .

176 2888 259 2940 Faxr't.
271 2885 338 2955 Cur?
350 2887 426 2937 'volito
436 2886 502 2938 viru'
510 2873 555 2952 ptr
563 2900 605 2936 ore
617 2884 702 2936 virum.

140 2997 200 3063 Sed
219 2994 289 3080 quid
312 2997 417 3079 poitas
431 2992 454 3057 i«
477 2989 596 3107 opifices
610 2990 682 3136 pori}-
695 3006 823 3140 qtqrtetq
