2125 4067
257 534 339 618 ¹320
388 516 805 589 Tuscnrrnrnnrr

253 636 408 716 partium,
434 651 498 712 quae
520 647 588 690 ante
615 629 763 690 inreritum
791 626 938 708 junffione

252 706 547 796 eliqufl'tenebantur.
570 709 625 768 His
645 712 677 771 ἃ
696 710 802 770 talibus
819 713 938 775 rationi·

252 794 307 854 bus
337 791 477 851 adduslus
505 790 673 865 Socrates,
700 809 756 850 nec
785 806 938 871 patronum

294 873 386 933 aesivit
403 870 588 950 adjudicium
598 870 717 950 capitis,
727 890 784 932 nec
799 868 938 950 judicibus

250 893 375 1034 prpplex
391 950 466 1025 fuit;
482 949 667 1029 adhibuitque
691 950 816 1011 liberam
838 968 939 1011 contu·

253 1035 410 1105 maciam,
436 1053 452 1090 a
474 1030 671 1113 magnitudine
693 1032 783 1090 animi
802 1030 936 1105 dudlam,

253 1135 318 1172 non
337 1135 355 1172 a
372 1110 527 1192 superbia;
547 1108 730 1190 &supremo
748 1112 818 1171 vitae
836 1112 884 1172 die
902 1112 938 1172 de

253 1193 315 1254 hoc
339 1189 401 1272 ipso
424 1191 514 1250 multa
532 1187 680 1262 dilleruit3
698 1190 732 1250 δι
752 1192 852 1270 paucis
874 1193 937 1252 ante

254 1273 381 1344 diebus,
402 1291 490 1364 quum
505 1268 588 1328 facile
603 1267 697 1349 posset
713 1269 800 1330 educi
815 1291 833 1332 e
847 1271 938 1333 custo-

253 1353 325 1426 dia,
340 1350 454 1423 nolu1t3
473 1350 504 1409 &
524 1369 614 1430 quum
635 1367 712 1429 pene
728 1352 758 1408 in
776 1370 865 1412 manu
882 1350 937 1430 jam

253 1429 437 1493 mortiferum
452 1427 524 1488 illud
542 1446 656 1490 tenerer
673 1430 837 1510 poculum,
856 1432 938 1492 locu-

252 1530 301 1572 tus
319 1514 359 1571 ita
375 1508 436 1582 est,
453 1525 564 1568 utnon
579 1509 616 1568 ad
634 1524 763 1571 mortem
779 1511 875 1588 trudi,
889 1531 938 1579 ve·

252 1594 319 1654 clim
334 1594 364 1651 in
379 1589 486 1650 coel'um
503 1588 653 1650 videretur
666 1587 853 1653 adscendere.

295 1667 407 1731 XXX.
430 1667 474 1729 Ita
491 1671 570 1729 enim
588 1668 743 1743 censebat,
761 1671 862 1754 itstque
881 1673 938 1733 dis-

254 1752 364 1825 seruit,
381 1749 451 1808 duas
469 1746 527 1810 elle
542 1751 625 1823 vias,
645 1749 830 1832 duplicesque
848 1751 937 1814 cursus

252 1833 418 1891 animorum
439 1849 456 1890 e
478 1849 602 1909 corpore
624 1829 851 1892 excedentium:
873 1854 937 1894 nam

251 1913 304 1990 qui
320 1908 350 1972 se
368 1909 497 1969 humanis
511 1911 588 1969 vitiis
599 1909 889 1987 contaminavissent,
905 1913 937 1973 δι

252 1994 285 2052 se
301 2007 382 2052 toros
393 1990 556 2050 libidinibus
567 1987 756 2065 dedidissent,
767 1992 871 2073 quibus
884 2008 937 2054 cael·

252 2074 313 2132 cati
332 2072 412 2134 velut
426 2068 597 2130 'domesticis
617 2072 692 2130 vitiis
722 2088 811 2152 atque
828 2073 936 2155 flagitiis

252 2150 284 2212 se
304 2148 547 2234 inquinavissent,
566 2149 616 2209 vel
636 2150 784 2230 republicis
801 2152 938 2214 violandi

252 2229 370 2294 fraudes
388 2231 577 2312 inexpiabiles
594 2251 687 2291 conce
709 2228 813 2307 illem,
831 2235 865 2294 iis
882 2235 937 2295 de·

251 2313 334 2372 vium
351 2312 500 2394 quoddam
517 2314 570 2372 iter
589 2308 664 2387 esse,
679 2253 817 2373 seclusum
835 2335 937 2376 acon·
968 2316 971 2323 '

252 2392 321 2451 cilio
339 2395 480 2454 deorum:
496 2394 545 2471 qui
564 2408 661 2453 aurem
679 2391 708 2452 se
728 2395 787 2454 inte
823 2415 856 2455 os
874 2414 935 2455 cas-

251 2470 355 2550 tosque
383 2470 585 2544 servavissent,
604 2472 763 2552 quibusque
810 2472 869 2533 isset
881 2475 933 2532 mi·

251 2551 331 2609 nima
354 2571 420 2608 cum
443 2553 614 2630 corporibus
636 2556 772 2636 contagio
789 2598 800 2627 ,
818 2550 932 2635 seseque

247 2630 289 2690 ab
310 2629 352 2688 ltis
374 2628 486 2710 semper
506 2628 712 2708 sevocaslent‚
735 2630 878 2715 essentque
901 2635 931 2693 in

250 2710 421 2792 corporibus
434 2711 566 2770 humanis
576 2713 667 2772 vitam
680 2714 785 2775 imitati
802 2714 932 2786 deorumn

250 2792 294 2852 bis
312 2792 349 2851 ad
366 2791 449 2866 illos,
466 2814 482 2851 a
499 2791 601 2872 quibus
615 2791 705 2857 elleut
722 2792 866 2876 profesti,
885 2814 934 2856 re·

251 2871 345 2932 ditum
362 2870 477 2934 facilem
496 2889 604 2954 patere.

289 2972 341 3031 73.
358 2952 459 3036 Itaque
475 2969 706 3028 commemorat,
722 2970 782 3015 urc
809 2955 855 3014 cni
867 2998 877 3028 ,
885 2952 933 3096 qui

249 3047 312 3095 non
333 3034 395 3097 sine
418 3033 499 3099 causa
514 3033 649 3118 Apollini
669 3034 756 3101 dicati
788 3052 868 3115 unt,
897 3031 933 3096 ed
