2125 4067
268 502 425 570 Ltaart
464 510 696 567 tartaros.
768 507 841 589 145

154 634 210 676 trec
231 615 432 698 longinquiora
448 611 630 674 brevioribus
649 626 841 693 anteponen-

156 712 212 757 tur.

197 793 247 850 47.
267 772 333 833 Nec
348 773 421 834 vero
435 770 499 832 satis
512 771 596 831 acute
611 769 724 833 dicunt:
739 773 769 834 Si
782 772 842 834 bo·

154 874 196 914 ua
222 853 362 914 valetudo
388 853 475 933 pluris
501 849 663 911 aestimanda
690 855 723 913 sit
750 855 840 937 longa

158 931 248 1012 quiam
267 932 384 1004 brevis,
405 931 549 1012 sapientiae
562 949 677 1011 quoque
689 933 752 994 usus
770 936 840 994 lon·

154 1014 292 1153 pissimus
313 1009 430 1093 quisque
450 1015 486 1070 sit
504 1009 640 1102 plurimi:
664 1032 723 1072 non
749 1014 840 1076 intel·

175 1109 277 1173 gunt‚
303 1092 477 1153 valetudinis
506 1087 724 1150 aestlmationem
749 1091 840 1173 spatio

151 1170 300 1256 judicari3
321 1175 457 1243 virtutis,
482 1171 721 1252 opportunitate:
742 1188 774 1232 ut
795 1176 845 1233 ri·

152 1254 276 1314 deantur
295 1255 344 1334 qui
360 1252 430 1312 illud
452 1252 577 1323 dicant,
599 1250 691 1311 iidem
708 1251 764 1310 laoc
785 1250 844 1315 effe

152 1334 270 1406 ditiori,
281 1334 390 1394 bonam
405 1351 533 1394 mortem
551 1333 584 1392 &
598 1332 711 1391 bonum
725 1350 844 1413 partum

152 1414 307 1474 meliorem
317 1415 437 1496 longum
448 1411 504 1475 elle
515 1412 603 1493 quim
616 1413 738 1473 brevem
751 1435 758 1472 :
775 1434 839 1476 non

153 1494 277 1567 vident,
290 1495 342 1556 alia
353 1497 496 1557 brevitate
513 1493 601 1575 pluris
618 1491 767 1570 aessimari3
781 1495 839 1560 alia

153 1575 352 1637 diuturnitate.

193 1655 245 1730 48.
266 1654 370 1739 ltaque
388 1654 609 1718 consentaneum
626 1653 666 1717 est
684 1656 749 1729 his,
792 1677 836 1720 un

150 1736 226 1798 diota
239 1736 321 1810 sunt,
339 1740 451 1798 ratione
462 1737 577 1798 illorum
590 1782 600 1812 ,
616 1739 664 1818 qui
677 1738 759 1798 illum
771 1679 837 1800 iro·

149 1839 255 1879 norum
276 1816 390 1893 finem,
417 1818 498 1900 quod
523 1819 702 1901 appellamus
733 1837 838 1880 extre·

149 1920 260 1972 mum,
308 1901 369 1962 uod
394 1901 556 1971 ultimum,
581 1899 708 1960 crescere
733 1915 839 1978 putent

148 1978 248 2061 polle,
257 1921 358 2041 iisien
368 1980 502 2060 placere,
513 1978 570 2040 else
581 1979 667 2038 alium
679 1979 736 2036 alio
747 1981 839 2040 etiam

148 2058 377 2141 sapientiorem,
396 2061 470 2121 item
491 2079 528 2120 ue
552 2059 639 2118 alium
661 2060 753 2139 magis
778 2060 838 2121 alio

147 2141 201 2202 vel
214 2161 335 2221 peccate
344 2186 358 2214 ,
371 2140 421 2201 vel
435 2081 511 2200 regie
527 2139 623 2200 facere
634 2161 641 2198 :
653 2139 736 2220 quod
750 2138 838 2199 nobis

148 2221 295 2279 nonlicet
311 2221 426 2290 dicere,
438 2223 486 2298 qui
499 2218 626 2279 crescere
639 2219 789 2277 bonorum
805 2217 841 2277 fi-

147 2320 221 2360 nem
243 2319 304 2359 nota
321 2314 466 2380 putamus.
491 2297 535 2356 Ut
549 2299 626 2357 enim
643 2300 693 2379 qui
713 2297 844 2364 demersi·

147 2379 212 2442 sunt
228 2381 256 2440 in
271 2401 369 2461 aqua,
391 2378 481 2437 nihilo
501 2377 656 2460 magisne(
671 2381 742 2440 irate
760 2401 843 2461 pou.

148 2479 215 2522 sunt
233 2507 243 2535 ,
261 2463 284 2520 si
304 2482 365 2520 nora
381 2459 471 2541 longe
488 2457 590 2520 absunt
606 2481 622 2519 a
641 2401 777 2534 iimmo,
799 2479 833 2525 ut

147 2539 346 2623 jamjamque
368 2543 480 2621 possint
502 2560 677 2682 emerpem
700 2543 786 2625 quim
808 2546 837 2607 rt

148 2625 236 2684 etiam
248 2639 308 2682 tum
324 2619 413 2682 essent
427 2624 457 2681 in
472 2621 578 2702 profun
601 2643 637 2695 03
650 2643 706 2684 nec
718 2623 831 2683 catulus

146 2701 217 2775 ille,
232 2706 280 2782 qui
292 2700 351 2779 jam
361 2706 618 2782 appropinquatur
632 2704 751 2774 videat,
767 2703 834 2782 plus

145 2782 241 2844 cernit
261 2781 349 2860 quam
366 2784 411 2852 ir,
432 2784 482 2862 qui
501 2781 593 2843 modo
616 2780 657 2842 est
677 2799 775 2840 natus:
794 2784 837 2842 itt

145 2862 199 2944 qui
220 2862 360 2939 processit
381 2860 556 2937 aliquantium
580 2860 618 2917 ad
637 2863 750 2918 virtutis
770 2860 835 2921 adi·

144 2961 211 3004 turn
222 2984 233 3013 ‚
246 2939 337 2999 nihilo
348 2939 440 3001 minius
452 2939 482 2997 in
492 2935 604 3003 miseria
612 2937 654 2998 est
665 2938 753 3020 qu‘am
766 2940 836 3018 ille,

144 3023 196 3104 qui
212 3021 281 3080 nihil
297 3018 449 3101 processit·
832 3018 836 3065 ἶ

188 3105 289 3167 Tonas
303 3106 336 3164 V
334 3099 404 3164 ΙΙΙ.
702 3099 736 3165 G
