2125 4067
184 521 262 603 520
310 497 741 574 Tvscvzmtwss

184 613 273 680 debet
292 638 414 690 eorum,
431 618 461 677 in
480 614 584 696 quibus
606 616 669 675 vita
687 615 779 676 beata
797 625 859 676 cotti

184 694 274 758 sistit:
296 719 362 758 nam
386 699 435 778 qui
455 695 596 767 timebit,
617 696 748 776 nequid
770 715 806 756 ex
826 696 859 755 bit

184 777 327 858 deperdat
337 778 466 850 ‚beatus
486 774 622 836 essenon
644 779 767 856 poterit.
852 772 869 831 '.

226 875 277 930 41.
299 857 444 917 Volumus
461 857 539 917 enim
559 898 569 928 ‚
591 874 660 914 eum
672 892 686 929 ,-
704 858 756 937 qui
773 855 862 923 beatis

183 937 242 1011 sit,
262 954 359 998 tutum
369 934 448 1009 effe,
464 936 749 1016 inexpugnabilem
764 934 863 1016 septum

185 1035 275 1098 atque
293 1021 453 1091 munitum,
472 1037 532 1076 non
543 1033 575 1076 ut
614 1037 688 1075 arvo
702 1034 786 1077 metu
800 1037 865 1095 ptaeff

184 1096 261 1157 ditus
277 1099 333 1170 sit,
344 1096 395 1158 sed
407 1114 439 1157 ut
459 1096 549 1157 nullo.
601 1113 613 1154 t
628 1097 712 1157 enim
734 1099 865 1157 inuocem

186 1176 212 1236 is
233 1176 352 1249 dicitur,
368 1199 429 1238 non
445 1179 497 1256 qui-
509 1177 615 1236 levitet
635 1193 745 1250 nocet,
758 1175 808 1236 sed
823 1175 866 1256 qui

188 1256 258 1316 nihil
278 1276 365 1317 nocet
384 1278 395 1330 ;
420 1259 543 1316 sicsine
568 1257 699 1323 metuis
725 1257 865 1317 habendus

189 1333 507 1417 est,non1qui'parum
528 1337 655 1408 metuit,
671 1334 723 1396 sed
741 1339 790 1415 qui
808 1355 866 1396 om·

188 1417 259 1475 nino
279 1434 360 1476 metu
376 1431 480 1476 vacat:
497 1437 561 1497 quae
579 1413 620 1476 est
632 1417 714 1475 enim
728 1410 866 1477 alieforti·

188 1495 283 1569 tudo,
297 1498 349 1555 nisi
362 1496 450 1556 animi
462 1493 575 1556 affefflo
590 1514 685 1576 quum
698 1498 729 1555 in
741 1494 867 1557 adeundo

188 1577 319 1656 periculo
341 1577 373 1637 &
391 1579 420 1636 in
441 1576 541 1636 labore
559 1597 593 1634 ac
614 1575 721 1637 dolore
743 1577 882 1657 patietis,⁴

188 1671 252 1714 tum
265 1658 415 1736 proculab
428 1658 509 1717 omni
525 1655 630 1717 metui

228 1755 279 1808 42.
299 1734 397 1816 Atque
411 1737 473 1796 haec
490 1737 569 1796 certe
588 1757 649 1797 non
668 1737 712 1797 ita
729 1735 765 1799 fe
785 1737 870 1799 habe·

189 1832 273 1887 tem,
294 1817 351 1877 nisi
359 1836 451 1876 omne
467 1816 579 1877 bonum
595 1818 629 1875 itt
643 1838 705 1879 una
726 1815 870 1879 honestate

159 1892 163 1899 '
188 1895 365 1957 consisteret.
386 1895 448 1975 Qui
466 1913 564 1957 autem
584 1897 670 1957 illam
679 1898 806 1959 maximi
820 1918 871 1978 op·

188 1991 280 2035 eatam
297 1977 330 2037 &
343 1979 499 2057 expetitam
510 1976 693 2037 securitatem
711 1977 726 2060 (
741 1977 871 2040 securim·

189 2071 252 2115 tem
270 2074 368 2119 autem
382 2077 457 2116 nmtc
471 2058 588 2137 appello
601 2061 782 2119 vacuitatem
799 2081 823 2118 ae
854 2060 873 2105 '-

189 2135 318 2208 tudinis,
333 2141 362 2196 in
380 2158 437 2218 qua
450 2139 511 2198 vita
523 2137 609 2197 beata
628 2140 726 2219 posita
742 2137 807 2221 est)
824 2079 874 2198 b:-

189 2215 261 2276 bere
277 2216 424 2299 quisquam
446 2216 561 2297 potest,
575 2219 621 2277 cui
641 2234 690 2277 aut
711 2219 787 2278 adsit
803 2263 818 2294 ‚.
830 2234 873 2278 aut

190 2295 286 2358 adesse
306 2301 398 2377 possit
413 2297 569 2357 multitudo
583 2299 751 2359 malorum?
765 2301 817 2378 qui
828 2320 875 2359 au·

191 2391 253 2435 tem
264 2375 441 2456 poteriteffe
461 2377 617 2451 celsus‚&
637 2378 752 2452 tebius,
770 2380 805 2439 &
822 2398 873 2452 ea,

190 2476 254 2534 quae
270 2458 380 2516 homini
395 2459 527 2518 accidere
564 2456 658 2519 offuttt
667 2504 676 2533 ,
690 2462 788 2519 omnia
800 2480 872 2537 par-

189 2555 228 2595 va
246 2535 353 2596 ducens
372 2580 382 2609 ‚
400 2538 521 2616 qualem·
545 2542 686 2619 apientem
703 2534 760 2598 effe
780 2537 872 2598 volu-

190 2635 274 2688 mus,
291 2617 344 2674 nisi
356 2619 454 2676 omnia
471 2619 524 2677 sibi
536 2621 566 2677 in
577 2619 606 2680 se
617 2618 709 2699 posita
721 2615 850 2679 censebit
859 2616 876 2678 ὲ·

191 2716 228 2754 an
256 2695 469 2757 Lacedaem-onii
493 2694 630 2780 Philippo
653 2699 797 2758 minitanti
820 2717 872 2778 pet

190 2775 318 2850 litteras,
334 2775 363 2838 se
380 2779 496 2852 omnia,
516 2800 583 2859 quae
597 2796 773 2840 conarentur
783 2822 794 2852 ‚
805 2797 874 2856 pro-

191 2854 363 2932 hibiturum,
377 2860 570 2954 quaesiverupt
581 2903 590 2930 ‚
601 2881 666 2920 num
672 2857 706 2938 se
722 2857 784 2937 effet
795 2859 874 2918 etiam

190 2940 258 2995 mori
275 2940 461 3018 prohibiturus
477 2961 492 3011 ,·
502 2946 560 3027 fiir
581 2942 633 3013 is,
657 2958 749 3021 quem
774 2940 875 3020 quaeri-

189 3033 254 3092 ‚mus
261 3057 273 3092 ,
295 3038 359 3084 nott
368 3020 459 3085 multb
473 3018 582 3084 ficiliits
594 3020 652 3082 tali
666 3019 768 3084 animo
787 3038 874 3104 repet
