2125 4067
187 512 261 565 120
342 494 416 560 Du
455 507 699 561 numus

180 610 222 667 mi
243 608 403 678 homines,
423 606 461 667 de
479 606 565 667 rebus
589 628 652 669 non
673 612 870 691 pervagatis:

180 689 320 749 inusitatis
340 688 436 748 verbis
454 704 623 763 merentum
635 691 751 770 quantb
768 690 800 750 id
818 713 870 751 nu·

182 768 225 828 bis
241 770 333 850 magis
342 766 587 841 concedendum,
618 770 646 827 ui
661 788 699 831 ea
715 790 800 831 nuuc
817 774 872 852 pti·

182 850 263 908 mum
280 849 419 910 audemus
434 849 505 907 attin
527 847 597 909 ere?
636 851 706 923 tsi,
724 852 811 933 quod
825 851 870 911 sa·

205 948 222 988 e
241 930 385 1001 diximus,
404 929 436 989 &
446 868 566 1010 quicfem
584 950 650 989 cum
662 930 766 1013 aliqua
777 951 871 1015 quere·

182 950 230 1082 fa,
248 1030 309 1070 non
328 1008 499 1072 Graecorum
515 1009 628 1106 modun,
643 1007 696 1071 sed
713 1014 808 1073 etiam
824 1032 872 1073 eo·

182 1088 752 1245 uuumffiuuuuuu
764 1090 871 1235 uu:

172 1248 296 1313 'Graecis
317 1253 476 1312 verborum
499 1250 585 1331 cupii
604 1295 615 1322 ,
636 1248 690 1311 sed
710 1250 774 1315 ess'e
794 1254 823 1313 in
841 1272 871 1313 ez

185 1335 272 1393 etiam
287 1330 465 1413 superiores3
475 1329 687 1392 elaborandum
702 1330 747 1393 est
757 1376 769 1409 ,
779 1350 812 1395 ut
821 1333 870 1395 hoc

185 1414 289 1471 nonin
304 1410 406 1472 nostris
422 1410 514 1471 solum
527 1412 653 1486 artibus,
670 1409 830 1475 sedetiam
845 1416 870 1473 iu

184 1493 301 1552 illorum
318 1491 442 1573 ipsorum
453 1489 679 1571 consequamur:
696 1513 870 1578 quamquam

185 1591 221 1633 ea
232 1574 343 1646 verba,
355 1573 458 1654 quibus
474 1593 511 1633 ex
520 1570 646 1633 instituto
661 1591 805 1635 veterum
821 1576 871 1635 uti-

189 1673 253 1713 mur
262 1676 315 1735 pro
330 1654 449 1725 Latinis,
461 1670 492 1713 uu
502 1652 558 1734 ipsa
565 1652 747 1735 philostuplu'a
756 1700 769 1731 ‚
779 1657 871 1717 utrie-

186 1736 273 1795 mica
285 1779 296 1806 ,
311 1735 476 1805 maledica,
489 1734 690 1815 grammau'ca,
741 1738 869 1806 omia,

185 1818 313 1886 musica,
334 1835 509 1896 quamquam
528 1813 630 1873 Latin&
650 1832 688 1873 ea
706 1756 767 1876 ffici
789 1834 870 1899 pote·

186 1913 270 1969 rant,
284 1914 402 1970 tamen,
416 1897 554 1977 quoniam
570 1893 617 1953 usu
633 1912 787 1977 precepta
798 1895 870 1969 sunt,

186 1974 282 2037 nostra
300 1976 449 2039 ducamus.
465 1974 567 2058 Atque
575 1974 636 2036 haec
645 1974 772 2057 quidem
782 1976 870 2041 dere·

186 2078 249 2116 rum
263 2058 437 2118 nominibus.

227 2137 257 2197 6.
279 2136 329 2198 De
346 2140 413 2219 ipsis
428 2137 513 2198 rebus
532 2153 629 2198 autem
645 2135 869 2219 saepenumero,

186 2217 299 2291 Brute,
323 2239 452 2294 vereor,
477 2238 514 2280 ne
538 2218 760 2300 reprehendar,

185 2300 248 2359 haec
258 2299 295 2359 ad
311 2318 341 2361 te
358 2301 479 2362 scribam
495 2345 505 2375 ,
522 2302 572 2382 qui
588 2320 677 2382 quum
692 2302 724 2361 in
763 2301 793 2361 h'
806 2301 870 2364 oso·

186 2380 275 2456 phia,
290 2399 352 2440 tum
370 2385 399 2442 in
420 2385 535 2462 optimo
557 2400 664 2463 genere
684 2380 736 2462 phi
783 2382 869 2465 ophiae

186 2461 299 2517 tantum
315 2458 501 2539 processeris:
522 2461 603 2541 quod
618 2462 641 2519 si
651 2459 784 2525 facerem
860 2464 869 2522 i

186 2553 217 2597 te
238 2539 397 2614 erudiens,
417 2539 480 2619 jure
498 2540 748 2622 reprehenderer:
767 2544 798 2607 se
837 2543 869 2605 ab

187 2637 225 2679 eo
236 2619 391 2700 plurimum
403 2619 501 2681 absum
512 2643 522 2694 ;
540 2642 651 2703 neque,
661 2637 692 2681 ut
703 2643 765 2687 eac

187 2720 257 2774 cas,
269 2700 393 2781 quaetibi
409 2705 558 2762 notissima
567 2702 649 2776 sunt,
663 2701 701 2762 ad
715 2720 747 2765 te
764 2721 869 2779 mutto,

185 2780 236 2842 sed
253 2783 320 2862 quia
336 2780 470 2841 facillimb
486 2783 515 2842 in
532 2784 652 2842 nomine
669 2799 723 2843 tuo
737 2787 870 2871 nequies·

185 2884 244 2937 co,
265 2863 297 2924 &
313 2865 379 2946 quia
395 2881 424 2924 te
441 2862 537 2924 habeo
557 2863 752 2944 aequissimum
772 2884 869 2930 eorum

186 2942 371 3020 studiorum,
397 2966 461 3027 quae
488 2944 558 3005 mihi
585 2946 754 3007 communia
776 2964 869 3010 tecum
911 2970 914 2979 ·

185 3022 268 3101 unt,
283 3024 507 3091 exisumtorem
523 3025 555 3089 &
567 3019 708 3107 judicem.
724 3024 869 3171 Aufeptg?

711 3146 714 3151 ·
768 3128 812 3193 ¹8¹
859 3146 870 3189 ι
