2125 4067
241 491 403 559 Lim
440 480 691 574 'Qu-Arrun.
738 486 816 578 '177

132 600 234 685 gendae
245 649 258 675 ‚
268 601 476 684 profiteretur,
496 592 615 662 nomino¹
625 594 721 664 terum
735 620 821 662 com·

130 701 314 755 mutantem3
333 703 477 763 quumque
488 683 570 742 idem
584 681 720 757 sentiret,
736 681 818 764 quod

130 784 264 837 omnes·‚
310 765 392 821 uibus
411 764 496 823 rebus
521 763 656 822 eamdem
679 763 740 824 vim
762 765 818 823 tri-'-

128 844 240 903 bueret
252 878 272 915 ,·
281 784 336 901 alia
349 845 467 901 nomina
483 845 683 920 imponentem
696 863 705 917 ;
724 844 827 913 verbu¹

132 923 231 982 modi>
248 938 428 995 mutantem,
441 921 478 981 de
494 922 678 1001 opinionibus
691 924 759 983 nihil
772 923 820 985 de·

133 1000 327 1062 trahentem?

124 1108 129 1113 ·
177 1101 227 1140 22.
250 1079 429 1141 Patronusne
449 1079 560 1153 causae,
581 1081 610 1138 in
632 1080 748 1163 epilogo
767 1099 821 1162 pto

124 1181 186 1223 reo
206 1162 328 1235 dicens,
345 1182 382 1222 ne
404 1178 466 1221 aret
477 1156 534 1221 elle
552 1160 662 1219 malum
679 1162 826 1237 exsilium,

125 1242 362 1325 publicationem
384 1183 562 1301 imorum?
583 1241 646 1300 haec
666 1239 824 1317 rejicienda

134 1322 219 1397 elle,
244 1345 304 1383 non
330 1321 494 1404 fugienda?
524 1340 580 1382 nec
604 1319 823 1383 misericordem

134 1401 263 1483 judicem
289 1402 346 1464 elle
368 1400 528 1484 oportere?
550 1403 579 1461 in
601 1404 747 1463 concione
767 1425 824 1463 au-

133 1500 201 1543 ‘tem
221 1486 242 1542 si
263 1485 448 1563 loquetetur,
470 1484 494 1542 si
514 1481 642 1542 Annibal
661 1482 699 1542 ad
722 1501 822 1564 portas

136 1561 260 1623 venisset
274 1583 444 1644 murumque
460 1560 556 1641 jaculo
569 1560 748 1642 trajecillet,
769 1584 823 1625 ne·

137 1661 221 1725 garet
245 1641 303 1703 effe
324 1647 353 1703 in
372 1644 453 1703 malis
471 1646 555 1724 capi,
569 1646 692 1720 venite,
710 1642 822 1705 interfi-

136 1727 180 1796 ci,
202 1727 324 1805 patriam
342 1722 498 1784 amittere?
517 1745 552 1784 an
567 1723 682 1784 senatus
698 1769 708 1799 ‚
725 1746 820 1807 quum

131 1807 314 1885 triumphum
336 1802 477 1866 Africano
501 1804 697 1879 decerneret,
720 1823 821 1879 Quon

139 1902 214 1946 esus
232 1902 400 1960 vtnrurr,
418 1903 488 1947 nur
509 1885 709 1946 nunctum
726 1886 821 1966 pollet

139 1966 234 2026 dicere
246 2011 256 2039 ,
272 1969 295 2026 si
306 1984 402 2046 neque
412 1969 503 2024 virtus
516 1967 547 2024 in
558 1966 659 2037 nullo,
670 1968 724 2025 nisi
738 1969 767 2025 in
777 1966 824 2026 sa-

137 2049 238 2125 piente
248 2091 261 2116 ,
272 2067 326 2106 nec
341 2045 460 2106 felicitas
475 2045 614 2104 veredici
627 2042 742 2124 potest?
759 2063 824 2127 quae

138 2125 183 2184 est
203 2128 286 2206 igitur
302 2125 353 2185 ista
369 2124 569 2206 philosophia,
611 2146 655 2184 uae
675 2128 826 2186 communi

141 2223 227 2263 more
248 2206 279 2261 in
301 2204 367 2264 foto
383 2207 530 2283 loquitur,
546 2207 576 2262 in
590 2146 725 2277 libellis,
748 2205 825 2264 suo?

140 2283 301 2366 praesertim
319 2304 427 2365 quum,
445 2282 525 2362 quod
541 2282 583 2341 illi
600 2284 698 2342 verbis
712 2283 765 2344 suis
784 2287 827 2344 si—

141 2362 281 2446 gnificent
299 2367 361 2435 ‚in
383 2383 422 2424 eo
443 2361 675 2437 nihil-novetur,
702 2364 739 2426 de
757 2368 825 2447 ipris

140 2444 226 2505 rebus
239 2443 312 2518 nihil
328 2461 478 2519 mutetur,
499 2443 611 2505 eedem
626 2463 672 2505 res
689 2463 825 2510 maneant
872 2444 876 2461 ²

141 2526 199 2585 alio
219 2525 320 2585 modo.
347 2552 351 2564 ¹

185 2624 232 2683 ²3·
254 2604 337 2684 Quid
352 2608 429 2668 enim
444 2605 580 2681 interest,
594 2609 723 2684 divitias,
734 2631 827 2690 opes,

140 2686 357 2758 valetudinem,
369 2688 449 2746 bona
461 2688 558 2760 dicas,
569 2688 644 2749 a'nne
654 2692 827 2769 praeposita‘‚

140 2786 234 2845 quum
251 2765 321 2836 ille,
336 2767 385 2843 qui
395 2765 450 2823 illa
466 2767 546 2827 bona
560 2769 650 2840 dicit,
664 2771 753 2827 nihilo
762 2770 830 2847 plus

143 2847 192 2906 his
211 2843 317 2901 tribuat
335 2843 464 2921 quum'tu
476 2888 486 2916 ,
497 2846 552 2924 qui
565 2847 669 2904 eadem
685 2848 734 2904 illa
757 2868 832 2926 proe·

142 2924 246 3007 posita
269 2923 431 2982 nominas-l
451 2921 553 3003 ltaque
568 2925 660 2982 bomo
679 2927 708 2982 in
733 2928 833 3003 primis

133 3011 290 3088 ingenuus
308 3003 343 3066 &
359 3003 458 3086 gravis
469 3018 490 3076 ,ὲ
502 3003 602 3086 dignus
611 3004 678 3064 illi.
687 3003 835 3088 familiari-J

660 3083 728 3152 Ην
