2125 4067
183 524 265 620 464
311 518 740 587 Tuscutautnvu

228 654 276 715 3²·
295 632 375 693 Inter
398 646 502 691 acutos
520 641 619 688 autem
640 626 672 687 δι
691 627 815 690 hebetes
827 628 867 690 im·

184 715 293 786 retest,
312 711 394 793 qubd
409 711 573 792 ingeniosi,
589 723 620 766 ut
632 726 670 767 as
686 704 867 769 Corinthium

182 799 215 935 ip
231 796 391 932 mugipplm
405 793 478 930 ,gie
491 788 534 848 illi
548 786 869 949 inmnntrop’bguytrht·&hrenbcp

207 890 317 935 unctor
337 892 346 931 ι
367 893 381 930 s
467 888 568 931 recrea
735 889 770 927 s·
861 900 871 923 μ

184 971 233 1015 tes
252 974 315 1013 nott
330 914 413 1012 iterd.
431 948 495 1010 Nee
512 949 588 1009 verb
604 951 637 1008 in
652 910 788 1009 omnetd'
798 970 873 1019 mot·

183 1035 260 1105 burn
277 1054 310 1094 ac
327 1031 576 1113 perturbationem
596 1030 710 1089 animus
736 1031 873 1112 ingeniosi

187 1114 290 1186 cadit;
306 1134 366 1172 non
382 1112 503 1171 enimin
517 1109 577 1169 ulla
592 1106 714 1169 effetata
726 1111 758 1170 δι
772 1113 873 1170 imma·

188 1196 260 1254 nia:
284 1192 417 1272 quaedam
437 1208 533 1251 autem
554 1189 742 1249 humanitatis
760 1208 871 1271 quoque

189 1274 300 1334 habent
313 1274 434 1352 primam
445 1268 592 1350 speciem,
611 1286 644 1329 ut
658 1268 868 1342 misericordia,

189 1352 333 1434 aegritudo
355 1370 370 1424 ,·
395 1366 498 1410 metus.
531 1348 756 1427 AEgrotariones
781 1368 872 1411 aurem

190 1432 347 1512 morbique
361 1432 524 1489 animorum
535 1427 678 1490 difficilius
691 1430 782 1490 evelli
798 1428 872 1513 poffe

191 1527 354 1652 tntu
372 1508 604 1651 utatur:
624 1510 875 1652 deutur,

192 1670 376 1732 manentibus
389 1672 461 1729 vitia
473 1669 581 1730 sublata
592 1667 650 1731 esse
661 1669 801 1752 possunt,
815 1672 875 1752 quir

193 1771 255 1811 non
282 1768 343 1809 tam
371 1749 505 1810 celeriter
536 1748 700 1826 sanantur,
726 1750 815 1833 quim
833 1751 876 1812 illa

193 1830 342 1891 tolluntur.

238 1927 285 1989 33.
305 1910 407 1970 Habes
425 1928 461 1970 ea
480 1930 545 1990 quae
558 1907 596 1971 de
613 1909 877 1990 perturbationibus

195 1990 344 2051 enucleate
375 1987 517 2069 disputant
540 1987 631 2048 Stoici
656 2010 667 2062 3
703 2010 770 2070 quae
789 1991 878 2074 logica

193 2071 366 2145 appellant,
387 2072 456 2146 quia
471 2066 642 2125 differuntur
666 2067 822 2140 subtilibsa
843 2089 878 2129 ez

195 2147 298 2226 quibus
315 2147 454 2226 quoniam
471 2165 620 2224 tamquam
638 2166 655 2206 e
670 2146 813 2227 scruposis
827 2169 879 2207 co·

195 2228 270 2286 tibus
291 2227 455 2306 enavigavit
478 2227 594 2300 oratio,
615 2226 734 2306 teliquae
755 2227 879 2307 disputa-

194 2308 283 2366 tionis
304 2305 414 2364 cursum
433 2323 605 2378 teneamus;
626 2307 720 2366 modb
744 2305 807 2366 satis
833 2307 879 2367 illa

194 2385 318 2445 dilucide
336 2385 490 2446 dixerimus
507 2407 561 2464 pto
580 2406 677 2446 retum
696 2384 878 2447 obscuritate.

193 2464 235 2525 Α.
255 2463 371 2523 Prorsus
391 2465 477 2524 satist
507 2464 565 2524 sed.
586 2469 609 2524 si
636 2487 693 2548 qua
714 2465 877 2544 diligentins

194 2561 278 2604 erunt
292 2543 514 2624 cognoscenda,
527 2565 687 2623 quaeremus
697 2542 782 2602 aliis:
797 2564 872 2601 nunc

193 2625 285 2695 vela,
306 2643 370 2703 quae
391 2623 483 2683 modb
506 2623 648 2700 dicebas,
679 2620 875 2704 exspectamus

195 2704 229 2764 δι
247 2702 368 2762 cursum.

234 2782 315 2844 XV.
334 2782 381 2842 M.
401 2780 531 2862 Quando
553 2782 662 2842 &aliis
682 2782 755 2843 locis
768 2779 806 2841 de
819 2780 881 2839 vit·

191 2880 254 2926 tute
285 2864 406 2923 diximus
430 2907 441 2935 ‚
470 2863 501 2922 &
529 2861 604 2942 saepe
634 2862 793 2924 dicendum
822 2862 879 2919 erit

192 2943 369 3026 (pleraeque
387 2945 466 3005 enim
482 2942 674 3023 quaestiones,
696 2963 761 3023 quae
780 2939 818 3000 ad
834 2941 884 2999 ni·

192 3039 254 3085 tam
269 3024 423 3111 moresque
440 3026 607 3108 pertinent,
626 3024 776 3087 avirtutis
795 3018 884 3083 fonte
