2125 4067
327 501 482 569 Ltm
517 513 762 584 QUARTUS.
800 513 878 594 205

191 609 308 675 lustrare
320 660 329 687 ,
341 615 432 675 dubiis
439 613 588 696 perspicua
603 615 749 675 conamini
759 612 880 674 tollere.

193 740 199 750 .
232 694 285 754 68.
312 693 416 776 ltaque
438 695 503 754 usus
526 695 631 755 eidem
653 697 793 766 ratiooe,
818 692 880 773 qui

187 771 254 832 sum
277 774 365 853 pauli
384 774 450 833 ami
468 774 553 846 usus,
569 775 709 835 haerebitis
725 796 733 834 z
752 777 776 833 si
795 775 877 833 enim

189 870 357 932 propterea
371 855 443 913 vitia
458 855 513 912 alia
528 854 587 912 aliis
599 852 709 933 majora
717 875 778 913 non
790 852 876 928 sunt,

194 933 266 1010 quia
282 951 320 991 ne
332 931 369 990 ad
381 929 470 991 finem
487 932 604 1012 quidem
623 934 769 993 bonorum
788 953 876 1006 eum,

193 1030 288 1091 quem
300 1032 355 1072 vos
366 1010 475 1085 facitis,
508 1012 641 1091 uidquam
651 1011 745 1092 potest
758 1012 877 1073 accede·

189 1110 226 1150 re
243 1111 253 1162 3
277 1094 417 1172 quoniam
438 1032 619 1172 peripicuum
642 1091 684 1151 est
700 1134 712 1162 ,
728 1093 798 1151 vitia
815 1113 878 1153 non

189 1169 250 1230 effe
267 1174 405 1241 'omnium
422 1173 526 1252 paria,
546 1169 610 1229 finis
632 1171 779 1230 bonorum
795 1172 881 1231 vobis

188 1250 346 1312 mutand'us
369 1250 420 1313 est.
442 1250 612 1312 Teneamus
633 1253 713 1311 enim
735 1249 806 1309 illud
824 1269 882 1310 ne-

188 1330 264 1392 ceffe
277 1332 339 1406 est,
353 1353 442 1414 quum
453 1330 634 1412 consequens
648 1330 768 1410 aliquod
779 1328 880 1390 falsum

191 1413 249 1486 sit,
272 1413 362 1486 illud,
387 1411 467 1492 cujus
489 1412 520 1472 id
541 1410 721 1493 consequens
737 1411 774 1470 sit
789 1454 807 1481 ,
818 1429 880 1472 non

192 1490 276 1572 posse
296 1491 353 1553 effe
377 1513 493 1554 verum.

233 1570 347 1633 XXV.
366 1572 442 1653 Quae
457 1571 498 1634 est
506 1576 590 1656 igitur
601 1572 684 1635 cansa
693 1571 807 1634 istarum
825 1593 878 1633 an·

187 1651 369 1733 gussiarum?
390 1652 513 1736 gloriosa
535 1654 689 1716 ostentatio
713 1657 744 1715 in
767 1651 877 1715 consti-

187 1733 300 1793 tuendo
319 1733 431 1796 summo
449 1736 549 1796 bono:
568 1756 656 1818 quum
672 1736 773 1808 enim,
791 1732 875 1816 quod

185 1811 338 1874 honestum
355 1817 410 1889 sit,
430 1815 459 1875 id
476 1814 569 1877 solum
589 1817 702 1876 bonum
719 1813 777 1876 effe
797 1836 875 1875 con-

186 1889 342 1968 firmatur,
361 1895 472 1956 tollitur
491 1917 561 1961 cura
579 1896 781 1968 valetudinis,
804 1895 874 1954 dili·

208 1977 283 2033 entia
303 1977 345 2034 rei
364 1975 534 2049 familiaris,
553 1973 759 2034 administratio
776 1977 876 2053 reipu-

186 1993 290 2127 ilica,
308 2054 384 2114 ordo
400 2055 596 2135 gerendorum
607 2056 816 2134 negotiorum,
829 2051 876 2113 of·

188 2129 254 2191 ficia
271 2135 358 2192 vitae:
376 2134 467 2214 ipsum
482 2134 608 2214 denique
618 2133 688 2192 illud
703 2129 874 2207 honestum,

189 2210 875 2372 {iigi*iiiiifflziiiifissffiziss

188 2371 324 2430 dicuntur
343 2393 362 2430 a
379 2369 561 2452 Chrysippo⁴
586 2369 630 2430 Ex
649 2390 683 2430 ea
707 2369 873 2433 difficultate

186 2450 243 2510 illae
252 2449 503 2531 fhllaciloquentiae
518 2450 533 2534 (
544 2468 577 2512 ut
589 2455 628 2512 ait
639 2450 774 2535 Accius)
790 2453 873 2514 mali·

185 2532 232 2592 tiae
246 2531 406 2594 nataesunt.

149 2652 165 2687 ,.
226 2611 276 2690 69.
306 2614 399 2693 Qubd
421 2617 499 2674 enim
521 2613 657 2695 sapiemia
682 2613 792 2694 pedem
818 2613 873 2672 ubi

183 2708 312 2785 ponqtet
344 2714 404 2753 non
431 2695 558 2754 habebat
585 2739 597 2768 ,
625 2693 741 2752 sublatis
767 2690 871 2751 officiis

184 2768 874 2927 iim?iiiii-:iiiiii4154

186 2930 269 2991 enim
294 2926 352 2991 effe
374 2943 542 3010 poterant,
560 2927 806 2990 rebus'omnihus
827 2929 872 2998 εἰς
