2125 4067
311 522 469 595 Lrnnn
506 522 741 622 Quru'rua.
792 525 870 618 55'9

187 621 254 698 cii'r'n
268 640 355 698 ariete
369 642 455 698 etiam
467 639 684 719 colloquentem
695 639 778 711 facit,
792 636 869 716 eius·

187 734 245 798 que
266 720 381 779 laudare
397 719 548 792 fortunas,
568 715 668 799 quud,
684 720 740 802 qui
757 720 873 794 vellet,

187 800 301 879 ingredi
320 798 432 879 pollet,
449 796 498 874 u,
515 821 578 881 quae
592 797 703 874 vellet,
718 804 870 883 attingere.

187 876 278 939 Recie
299 881 343 939 hic
366 880 502 961 quidem;
521 877 611 943 nihilb
632 879 710 942 enirn
730 894 790 940 erat
809 873 871 962 ipse

183 955 342 1041 Cyclops,
363 961 449 1040 quim
466 964 538 1020 aries
555 956 622 1034 ille,
640 959 819 1040 prudentior.

230 1039 301 1100 XL.
318 1039 351 1099 ln
369 1041 502 1102 surditate
517 1041 590 1100 verti
607 1041 743 1121 quidnam
755 1039 794 1100 est
810 1061 872 1100 ma·

180 1119 233 1180 'lii
256 1119 324 1178 Erar
342 1120 478 1181 surdaster
498 1121 544 1180 M.
566 1116 679 1181 Crassus
697 1133 706 1194 ζ
725 1120 773 1180 sed
793 1120 872 1180 aliud

190 1198 357 1275 molestius,
376 1203 457 1281 quud
476 1202 550 1261 male
565 1201 699 1261 audiebat
708 1222 718 1272 ;
728 1204 815 1260 etiam
828 1202 873 1274 si,

184 1294 222 1338 ‘ut
240 1282 309 1339 mihi
326 1281 498 1353 videbatur,
516 1278 628 1358 injurii.
653 1278 784 1361 Epicurei
799 1302 872 1340 nos-

190 1360 226 1436 tri
245 1358 349 1421 Graece
364 1361 424 1422 fere
441 1360 654 1437 nesciunt,ne⁵c
672 1362 769 1424 Graeci
789 1360 872 1421 Lati·

192 1440 229 1499 n'c
240 1454 249 1498 τ’
268 1461 337 1521 ergo
359 1442 388 1501 hi
405 1442 434 1501 in
450 1443 588 1515 illorum,
611 1444 642 1502 &
659 1441 697 1501 illi
714 1445 744 1500 in
766 1441 873 1502 horum

191 1520 324 1580 sermone
343 1518 432 1580 surdi:
452 1523 609 1603 omnesque
621 1522 651 1588 id
662 1543 715 1582 nos
725 1523 754 1579 in
771 1524 803 1580 iis
815 1523 875 1580 lin-

184 1603 275 1681 ¹guis,
291 1617 361 1680 quas
377 1618 437 1662 non
456 1603 659 1684 intelligimus,
677 1624 740 1683 quae
756 1600 876 1661 suntin·

191 1681 414 1755 numerabiles,
438 1681 512 1740 surdi
539 1681 672 1764 profe&
697 1679 801 1742 sumus.
830 1681 874 1742 Ar

184 1773 301 1820 -vocem
319 1763 467 1821 citharoedi
479 1784 539 1822 non
556 1761 691 1823 audiunt:
712 1783 749 1822 ne
767 1761 875 1822 strido-

193 1861 255 1900 rem
278 1841 394 1921 quidem
413 1844 494 1902 serrae
516 1860 578 1902 turn
597 1889 607 1916 ‚
627 1856 715 1922 quum
733 1846 842 1902 acuitur
865 1862 876 1914 ;

187 1936 242 1980 aut
260 1923 422 2001 grunnitum
433 1967 442 1994 ,
453 1942 542 2002 quum
556 1921 715 2004 jugulatur,
726 1921 779 1981 suis
790 1945 798 1994 ;
808 1943 877 1996 nec,

183 2014 284 2080 *quum
305 2001 449 2081 quiescere
467 2001 572 2060 volunt
590 2047 600 2074 ‚
621 2000 767 2061 fremitum
793 2023 876 2061 rnur-

192 2084 330 2155 mutantis
356 2082 451 2155 maris.
475 2080 513 2141 Et
529 2126 540 2154 ‚
559 2083 584 2140 si
606 2099 704 2143 cantus
726 2101 778 2140 eos
798 2081 878 2141 forte

187 2152 337 2221 'delestan't
348 2170 357 2234 '‚
369 2164 493 2240 primurn
514 2163 642 2242 cogitare
660 2160 788 2234 debent,
799 2180 879 2225 aute·

184 2266 189 2273 ·
217 2263 282 2302 uam
299 2240 327 2299 lri
340 2243 395 2300 sint
412 2243 522 2301 inventi
533 2242 668 2316 ,multos
686 2240 772 2300 beate
788 2243 879 2301 vixis·

193 2258 224 2383 lie
242 2322 401 2402 sapientes:
421 2321 526 2379 deinde
544 2322 637 2380 multi>
650 2319 793 2397 majorem
811 2317 879 2400 pcr-

194 2405 251 2481 cipi
271 2400 350 2482 polle
370 2402 499 2482 legendis
517 2402 559 2461 his
577 2447 587 2475 ‚
605 2401 693 2482 quim
708 2401 879 2476 audiendis,

195 2484 387 2562 voluptatem.
861 2527 863 2531 -

241 2579 308 2637 117.
327 2561 427 2636 Tum,
443 2579 474 2622 ut
487 2562 573 2643 paulb
592 2562 658 2620 aute
672 2580 763 2622 caecos
781 2561 816 2620 acl
825 2580 880 2633 ,au-

197 2643 270 2704 rium
285 2643 504 2702 traducebamus
525 2643 727 2721 voluptatem,
750 2645 789 2700 sic
811 2642 880 2700 licet

185 2722 298 2782 ·surdos
322 2723 359 2781 ad
383 2722 557 2781 oculorum:
583 2724 691 2781 etenim
713 2723 760 2801 qui
783 2720 880 2781 secum

197 2805 278 2882 loqui
296 2806 423 2882 poterit,
442 2801 604 2860 sermonem
622 2802 735 2861 alterius
751 2821 812 2860 non
829 2823 881 2860 re·-

199 2888 303 2962 quiret.
326 2880 530 2962 Congerantur
547 2884 576 2940 in
596 2902 685 2940 unurn
702 2883 827 2953 omnia,
848 2898 882 2942 ut

198 2965 277 3022 idem
297 2965 388 3022 oculis
407 2964 438 3022 ὅ(
453 2962 566 3021 auribus
581 2980 680 3042 captus
698 2964 751 3020 sit:
768 2981 884 3042 prema·

200 3059 249 3106 tur
272 3046 358 3105 etiarn
383 3043 531 3106 doloribus
554 3043 698 3106 acerrimis
720 3044 882 3122 corporisz
904 3117 906 3120 η

656 3125 710 3184 Aa
727 3121 758 3185 iv
