2125 4067
239 475 396 547 linuit
436 490 711 554 tacuimus
758 482 812 570 93·

123 589 301 663 laudabiles,
320 612 386 673 quae
403 588 534 673 gloriosae
546 634 557 662 ,
569 609 633 682 qua
647 590 676 648 in
693 586 812 683 senatu,

125 693 188 752 quae
212 672 293 752 apud
312 673 475 752 populum,
495 691 559 752 quae
581 690 612 729 ut
627 690 708 729 omni
731 686 811 730 coetu

126 753 253 812 concilio
276 771 313 811 ue
335 750 515 831 proferendae
536 752 620 821 sint3
641 769 678 808 ne
702 749 733 808 id
751 768 813 811 uon

126 831 240 912 pudeat
256 773 383 922 ientire,
400 829 481 910 quod
497 829 604 908 pudeat
620 829 716 890 dicere

171 908 225 982 78.
250 907 395 968 Amicitiae
414 909 488 968 verb
510 909 592 967 locus
610 908 658 967 ubi
675 907 732 969 ess'e
754 930 825 989 po·-

131 986 205 1061 test,
216 1006 265 1049 aut
277 990 342 1066 quis
360 989 469 1049 amicus
483 983 540 1058 eise
552 990 704 1066 cuiquam,
765 1009 824 1059 em,

130 1089 193 1132 non
204 1067 298 1150 ipsum
316 1085 396 1130 amet
413 1083 537 1150 propter
549 1064 664 1146 ipsum?
683 1069 732 1146 qui
763 1088 825 1129 au·-¹

130 1147 256 1211 tent-est
279 1169 407 1221 amate,
431 1168 450 1209 e
473 1168 534 1228 quo
555 1165 666 1213 nomen
690 1148 830 1209 amicitia.

131 1229 248 1291 dubium
268 1228 328 1304 est,
344 1231 398 1291 nisi
411 1227 489 1299 velle
502 1227 590 1299 bonis
604 1227 730 1308 aliquem
744 1224 830 1299 affici,

131 1310 220 1390 quim
239 1311 393 1382 maximis,
409 1309 497 1383 etiam
511 1310 539 1381 si·
551 1305 636 1384 agi-se
650 1327 686 1368 ex
698 1309 733 1379 iis
749 1306 831 1379 nihii·

133 1390 256 1452 redeat?
279 1391 317 1459 Et
328 1390 447 1470 quidem
465 1386 604 1470 prodest,
621 1388 734 1468 inquis,
748 1388 827 1448 mihi·

135 1491 176 1530 eo
191 1468 246 1529 effe
260 1469 475 1530 animo.1mmo
485 1468 578 1529 videri
600 1466 733 1529 fortaffe:
759 1466 819 1529 effe

137 1551 234 1623 enim,
249 1551 301 1610 nisi
315 1553 368 1621 eris
378 1567 577 1630 ,neupotest
591 1549 639 1630 qui
650 1567 748 1609 autem
760 1546 818 1610 effe

136 1633 269 1712 potetis,
289 1633 340 1690 nisi
360 1649 391 1692 te
411 1651 492 1690 amor
506 1627 565 1710 ipse
583 1629 817 1710 ceperitiquud

136 1732 218 1785 non,
233 1709 371 1785 subdufflt
384 1711 510 1771 utilitatis
525 1712 657 1784 tatione,
675 1708 752 1770 effici
767 1709 819 1771 so·

136 1793 197 1863 let,
211 1790 261 1852 sed
273 1791 365 1874 ipsum
375 1812 413 1853 ex
431 1790 460 1853 se
472 1792 586 1865 utitur,
606 1791 638 1851 &
656 1788 704 1851 sui
715 1789 821 1871 sponte

136 1871 268 1933 nascitur.
293 1871 335 1935 At
354 1875 433 1935 enim
449 1871 554 1952 sequor
575 1871 826 1943 utilitatem0,Ma·.

137 1953 220 2014 nebit
234 1973 304 2034 ergo
318 1953 443 2013 amicitia
457 1969 517 2011 tam
528 1951 598 2022 diu,
615 1951 701 2031 quim
715 1951 764 2009 diu
775 1950 824 2012 se·

137 2051 243 2114 quetur
262 2033 392 2105 utilitas;
416 2032 468 2105 δι,
486 2033 510 2090 si
539 2030 644 2090 utilitas
667 2032 827 2104 amicitiani

138 2111 320 2184 constituet,
335 2114 421 2173 tollet
436 2109 553 2172 eadem.
824 2160 827 2173 .

182 2207 235 2267 79.
255 2189 314 2249 Sed
326 2192 395 2269 quid
407 2211 475 2270 ages
484 2190 621 2262 tandem,
635 2191 659 2249 si
668 2192 773 2251 utilitas
786 2191 827 2251 ab

139 2270 268 2332 amicitia
280 2267 336 2349 (ut
347 2268 380 2329 fit
391 2266 489 2348 saepe)
500 2268 659 2328 defecerit?
672 2270 827 2350 relinques·

141 2371 179 2414 ne
193 2349 282 2432 iquae-
292 2347 343 2410 ista
359 2350 484 2409 amicitia
499 2346 542 2409 est
563 2347 584 2410 ἒ·
594 2350 729 2423 retinebis
744 2351 757 2412 ἓ
772 2342 829 2434 ¹qui¹

143 2430 301 2492 convenit?
321 2430 392 2512 quid
402 2430 480 2491 enim
490 2428 529 2490 de
540 2431 663 2490 amicitia
675 2429 824 2508 statueris,

142 2512 236 2573 vides.
257 2510 305 2573 Ne
325 2515 355 2573 in
375 2511 475 2573 odium
493 2514 610 2572 veniam
628 2556 638 2585 ‚
659 2515 682 2572 si
697 2515 825 2576 amicum

145 2592 279 2654 destitero
296 2593 379 2657 tueri.
404 2590 531 2665 Primum
545 2613 595 2652 cur
608 2591 658 2653 ista
674 2615 719 2655 tes
735 2596 825 2677 digna

145 2673 216 2734 odio
238 2670 298 2744 est,
315 2675 368 2733 nisi
384 2672 465 2753 quud
480 2671 520 2733 est
538 2674 650 2754 turpis?
666 2674 760 2753 Quid
778 2679 825 2747 si,

144 2774 184 2814 ne
205 2774 265 2832 quo
280 2752 470 2811 incommodo
489 2748 633 2823 afficiare,
653 2774 714 2813 nou
733 2756 826 2814 relin-

145 2850 219 2912 ques
240 2833 361 2891 amicum
374 2851 384 2901 3
397 2848 494 2890 tamen
505 2875 516 2903 ,
528 2851 566 2890 ue
582 2835 644 2891 sine
657 2832 747 2892 finini
763 2835 828 2891 alli-

145 2928 231 2996 gatus
250 2911 308 2980 sis,
325 2927 357 2968 ut
369 2911 525 2980 moriatur,
543 2911 667 2987 optabis.
689 2911 782 2990 Qubd
802 2914 827 2974 si

147 3014 209 3057 uon
226 2989 320 3054 modi>
338 2989 488 3055 utilitatem
510 2987 564 3069 tilii
580 2988 693 3069 uullttu¹
704 2989 803 3055 afferet
813 3024 830 3072 ,-
