2125 4067
316 510 470 590 trust
507 516 750 604 omarus.
797 512 873 610 361

194 631 363 693 iracundum
385 631 466 706 elle,
485 631 563 692 aliud
583 635 708 694 iratum:
727 650 760 693 ut
782 630 880 692 differt

178 715 322 772 anxietas
348 712 385 771 ab
405 731 536 793 angore,
558 732 653 795 neque
673 716 751 774 enim
770 725 877 773 omnes

192 794 295 866 anxii,
336 795 363 850 ui
381 808 523 873 anguntur
544 791 722 872 aliquando,
744 811 798 852 uec
826 793 877 872 qui

193 874 292 944 anxii,
314 813 427 952 lemper
447 886 607 953 anguntur:
631 889 662 931 ut
686 875 760 931 inter
779 872 877 932 ebrio·

193 966 288 1011 tatem
314 951 346 1010 δι
371 952 569 1011 ebriositatem
587 950 723 1011 interest:
741 950 877 1031 aliudque

193 1028 237 1089 est
253 1046 414 1091 amatorem
429 1029 485 1091 elle
493 1029 592 1102 ,aliud
607 1047 763 1090 amantem.
778 1027 878 1109 Atque

193 1108 262 1169 haec·
278 1111 401 1170 aliorum
419 1111 461 1169 ad
477 1111 549 1171 alios
568 1111 688 1172 morbos
711 1110 878 1188 proclivitas

193 1188 252 1248 late
271 1205 372 1269 patet;
395 1211 462 1250 nam
475 1192 602 1270 pertinet
620 1190 657 1250 ad
680 1205 785 1250 omnes
805 1205 878 1269 per'·

194 1268 385 1330 turbationes.-

183 1392 186 1399 .
236 1347 332 1408 28.1n
345 1346 442 1409 multis
461 1352 550 1410 etiam
567 1352 643 1412 vitiis
656 1364 802 1431 apparet3
824 1347 877 1409 sed

193 1447 303 1488 nomen
322 1450 367 1490 res
389 1450 450 1489 non
471 1431 561 1489 habet
582 1452 590 1490 ι
610 1450 681 1512 ergo
706 1431 737 1489 &
757 1429 879 1502 invidi,

195 1507 228 1566 δι
240 1508 402 1582 malevoli,
423 1510 456 1568 δι
474 1510 576 1582 lividi,
594 1510 627 1569 &
641 1510 756 1584 timidi,
774 1510 806 1569 &
820 1510 877 1569 mi-

183 1585 376 1661 sericordes,
395 1591 460 1668 quia
479 1589 626 1668 proclives
645 1589 680 1649 ad
700 1609 748 1650 eas
764 1606 879 1669 pertur-

192 1667 349 1741 bationes,
363 1688 421 1727 non
438 1670 504 1749 quia
519 1667 633 1748 semper
649 1669 786 1730 feruntur.
802 1668 877 1730 Haec

191 1748 279 1827 igitur
292 1748 457 1826 proclivitas
468 1748 504 1806 ad
522 1747 602 1808 suum
614 1749 750 1829 quodque
765 1769 876 1833 genus,

193 1846 211 1884 a
229 1827 412 1886 similitudine
437 1845 487 1886 cor
509 1830 594 1901 oris,
616 1851 638 1888 ae
659 1832 766 1889 rotatio
791 1829 876 1887 dica-

186 1920 259 1981 tur,
277 1905 346 1965 dum
367 1849 593 1988 cointelligatur
614 1849 659 1966 al
675 1908 876 1988 aegrotandum

186 1985 373 2065 proclivitas.
404 1983 463 2045 Sed
492 1986 553 2044 ltaec
580 1988 611 2043 in
644 1987 729 2044 bonis
754 1986 840 2045 rebus
865 2031 876 2060 ,

185 2065 335 2146 <prodatis
348 2064 385 2125 ad
399 2063 546 2124 olisbona
561 2063 624 2123 sunt
639 2066 785 2145 aptiores,
796 2063 877 2143 fisci-

193 2147 262 2206 litos
283 2148 470 2217 nominetur,
487 2147 518 2203 in
541 2143 623 2204 malis
635 2146 822 2225 proclivitas,
842 2163 875 2206 ut

193 2224 336 2307 significet
360 2226 545 2306 lapsionem:
576 2225 607 2283 iu
635 2226 742 2285 neutris
769 2225 876 2286 habeat

191 2303 319 2386 superius
338 2325 459 2367 nomen.

186 2435 191 2445 ,
234 2384 336 2446 ΧΙΙΙ.
364 2386 438 2466 Quo
459 2383 553 2445 morlo
578 2399 676 2446 autom
697 2386 728 2444 itt
750 2389 877 2467 corpore

192 2463 235 2526 est
252 2467 395 2540 morbus,
423 2466 455 2527 &
476 2469 654 2548 egrotatio,
689 2466 723 2526 &
744 2469 873 2540 vitium·;

192 2547 287 2605 sicin
316 2549 425 2608 animo.
454 2548 582 2609 Morbum
609 2547 756 2631 appellant
784 2550 874 2608 totius

193 2627 324 2706 corporis
351 2629 601 2706 corruptionem:
641 2629 872 2710 egrotationem,

191 2707 329 2765 morbum
341 2726 408 2763 cum
422 2706 638 2766 imbecillitate:
652 2709 767 2779 vitium,
782 2726 874 2786 quum

190 2803 290 2865 partes
307 2786 437 2864 corporis
451 2786 526 2844 inter
542 2784 571 2845 se
587 2785 748 2858 dissident3
763 2804 800 2844 cx
813 2805 874 2863 quo

190 2867 323 2944 pravitas
344 2862 566 2937 membrorum,
588 2861 740 2936 distortio,
768 2861 874 2923 defor-

191 2945 292 3002 mitas,
309 2940 411 3021 Itaque
431 2941 479 3001 illa
498 2941 578 3014 duo,
595 2944 714 3004 morbus
732 2941 767 3002 8(-
781 2963 874 3024 aegro·

192 3023 264 3083 tatio
277 3064 291 3104 ,Ι
308 3041 343 3084 ex
361 3023 449 3104 totius
466 3021 646 3107 valetudinis
661 3023 791 3167 copporis
802 3044 874 3088 coru

692 3164 697 3175 ,
741 3124 771 3186 ιι]
