2125 4067
318 508 477 591 dress
513 526 738 592 suerrus
784 534 861 616 413

183 642 307 731 Quidquid
319 672 407 725 praem
416 654 482 725 spem
500 657 612 716 ινσιιὶαε,
629 664 695 709 emus
712 657 739 708 id
753 659 866 727 deputare

255 748 300 816 effe
315 750 340 799 du
355 751 431 802 lucror·

172 906 175 913 ν
223 873 296 936 XV.
322 850 400 959 Ergo
414 856 472 939 iroc
482 850 669 939 ‘ferentiusa
685 872 866 957 philosophis

178 953 330 1036 sumptum
352 978 441 1038 quum
463 975 525 1017 tam
551 957 708 1017 commode
734 956 865 1031 dixerit,

176 1048 258 1107 ¹uus,
278 1056 437 1118 equorum
453 1036 583 1098 fontibus
595 1037 625 1095 id
654 1034 783 1096 haustum
806 1033 866 1109 est,

179 1126 246 1177 ἡαπ
258 1117 289 1175 &
304 1117 433 1179 dicemus
446 1118 503 1179 hoc
515 1117 635 1190 melius,
650 1117 683 1177 δι
695 1113 869 1176 coustantius

180 1193 359 1257 sentiemus?
379 1198 445 1257 hinc
461 1196 503 1257 est
515 1199 593 1257 enim
612 1197 660 1257 ille
677 1196 775 1256 vultus
791 1193 870 1254 sem·

180 1276 332 1357 peridem
343 1321 354 1349 ,
369 1297 457 1359 quem
471 1277 574 1337 dicitur
583 1277 753 1357 Xanthippe
765 1274 870 1355 praedi·

181 1375 250 1416 care
267 1355 348 1417 solita
365 1361 394 1416 in
408 1359 472 1417 viro
487 1356 538 1417 suo
555 1355 634 1418 fuiffe
650 1355 790 1428 Socrate3
811 1375 870 1415 eo·

176 1434 254 1497 dem
266 1436 379 1518 semper
389 1437 419 1499 se
430 1435 530 1497 vidiffe
545 1453 701 1499 exeuntem
713 1436 794 1496 illum
812 1435 869 1495 do*

182 1535 255 1590 mo,
276 1517 309 1579 &
326 1530 545 1583 revertentem:
567 1538 621 1578 nec
637 1517 710 1578 verb
731 1536 765 1577 ee
785 1515 869 1577 frons

181 1612 270 1670 erat,·
285 1618 348 1678 qure
365 1596 411 1659 Μ.
430 1595 528 1658 Crassi
546 1598 618 1657 illius
636 1599 760 1671 vereris,
778 1616 868 1679 quem

181 1675 272 1739 semel
286 1679 325 1738 ait
339 1679 368 1737 iu
386 1680 468 1738 omni
479 1681 540 1739 vita
555 1676 642 1739 risisse
656 1678 799 1748 Lucilius;
815 1676 868 1738 sed

181 1758 335 1847 pasquills
355 1758 387 1817 &
402 1757 519 1831 serena3
537 1761 576 1818 sic
595 1762 672 1819 enim
687 1760 868 1838 accepimus:

177 1856 248 1916 ⁴jure
262 1854 358 1898 autem
368 1857 428 1898 erar
440 1838 553 1919 semper
563 1839 641 1899 idem
652 1840 747 1898 vuirus
757 1882 766 1911 ‚
778 1858 869 1918 quum

183 1919 309 1989 meritis,
324 1939 408 1998 aqua
423 1922 446 1978 is
463 1917 597 1998 fingitur,
611 1918 689 1977 nulia
703 1917 786 1978 fieret
802 1934 868 1976 mu-

182 1998 268 2061 ter-io.
286 1994 391 2077 Quare
403 1999 514 2077 accipio
531 1997 667 2077 equidem
684 2018 700 2055 a
717 1994 867 2076 Cyrenai·

177 2079 225 2138 ¹ris
249 2077 312 2137 hec
340 2097 420 2137 arma
443 2094 544 2137 contra
567 2075 645 2136 casus
668 2075 699 2135 δι
721 2082 869 2149 eventus,

184 2157 289 2241 quibus
316 2176 419 2219 eorum
439 2157 630 2217 advenientes
654 2156 779 2235 impetus
803 2155 871 2214 diu·

179 2238 269 2299 eumd
286 2238 537 2319 praemediratione
556 2236 748 2318 frangantur3
768 2234 871 2295 simul-

185 2333 245 2400 que
263 2315 382 2396 judico,
402 2317 510 2379 malum
532 2317 603 2376 illud
624 2318 769 2396 opinionis
790 2313 868 2389 effe,

185 2416 248 2460 uon
267 2416 391 2459 narurae:
410 2400 527 2459 sienim
546 2399 576 2457 iu
595 2393 729 2471 melier,
745 2394 870 2457 curfie·

186 2494 252 2542 rent
270 2479 383 2560 provisa
400 2477 531 2542 leviora?
546 2494 549 2498 ·

198 2616 201 2621 .
231 2579 277 2640 32.
297 2559 356 2620 Sed
371 2560 432 2636 est,
447 2559 548 2622 iisdem
567 2558 701 2620 derebus
718 2556 802 2639 quod·
811 2557 869 2618 dici

187 2643 279 2722 possit
295 2638 421 2701 subtilius
432 2686 441 2715 ‚
451 2644 474 2701 si
484 2642 560 2720 priiss
571 2638 687 2719 Epicuri
699 2638 870 2699 sententiam

186 2720 365 2791 viderimus,
381 2722 430 2798 qui
452 2719 567 2791 censer,
587 2716 699 2779 neceffe
719 2717 777 2779 effe
802 2739 871 2776 orn·

187 2818 242 2860 rres
259 2801 288 2862 iu
304 2798 471 2876 aegritudine
485 2796 620 2876 effe‚qui
630 2796 660 2857 se
670 2799 701 2855 iu
719 2798 802 2857 malis
812 2795 869 2857 effe

187 2877 362 2938 arbitremur
377 2920 387 2949 ‚
405 2879 468 2937 sive
487 2876 534 2937 illa
550 2876 618 2935 ame
635 2874 749 2955 provisa
763 2876 796 2935 δι
816 2895 871 2934 ex·

188 2956 314 3038 spedista
325 2957 399 3029 sint,
409 2960 470 3018 sive
480 2957 707 3017 inveteraverint
718 2975 729 3013 r
742 2970 808 3015 uem
819 2975 872 3015 ne·

190 3057 248 3123 que
266 3033 407 3105 vetustate
419 3039 513 3103 m'mui
528 3036 605 3100 mala
614 3080 625 3113 ,
640 3055 700 3180 ηεξ
715 3033 777 3131 fieri
789 3052 871 3119 'pres-

719 3137 748 3198 ¹¹1
