2125 4067
156 544 207 622 32
308 525 383 594 Dr
419 540 671 596 rruraur

154 640 217 700 dari
225 638 275 700 suo
285 644 419 702 nomine:
430 640 479 701 sed
489 642 551 700 illas
560 639 660 720 rejici,
673 640 739 721 quia
754 639 838 701 dolo}

153 740 217 783 tem
248 724 355 794 ariaut;
374 723 424 782 has
434 723 624 803 optari‚quia
643 723 836 802 voluptatem.

195 799 224 860 X
269 801 292 861 l.
317 800 426 862 lustitia
441 801 549 874 restat,
571 820 603 861 ut
621 803 659 863 de
676 803 759 862 omni
775 804 839 862 vir·

153 896 217 941 tute
230 883 266 941 sit
276 881 404 955 diclum3
421 881 471 943 sed
488 882 589 941 similia
607 882 669 943 ferd
688 883 746 942 dici
766 903 839 962 pos·

154 959 233 1021 sunt:
252 978 284 1021 ut
302 964 380 1023 enim
391 963 580 1042 sapientiam,
594 964 839 1044 temperantiam,

155 1039 384 1116 fortitudinem,
411 1045 560 1125 copulatas
583 1041 640 1104 elle
663 1043 750 1103 docui
772 1063 839 1103 cum

156 1123 330 1203 voluptate,
348 1141 381 1183 ut
395 1125 433 1183 ab
456 1144 490 1184 ea
507 1123 589 1182 nullo
607 1124 699 1183 modo
717 1143 773 1183 nec
795 1124 841 1182 di·

157 1203 248 1276 velli,
267 1224 322 1264 nec
338 1202 451 1262 distrahi
469 1205 601 1284 possint,
622 1205 660 1262 sic
679 1204 717 1263 de
736 1201 842 1282 justitia

156 1281 344 1365 judicandum
369 1281 440 1356 esl3
463 1304 527 1364 quae
552 1304 611 1342 non
636 1284 728 1343 modo
755 1304 842 1343 num·

158 1384 246 1444 quam
266 1379 357 1423 nocet
370 1364 501 1444 cuiquam
515 1409 524 1439 ,
538 1362 588 1423 sed
605 1364 708 1423 contra
726 1362 843 1444 semper

159 1443 214 1504 alit.
221 1443 330 1524 aliquid
343 1459 406 1504 tum
423 1447 455 1505 vi
465 1444 513 1504 sud
526 1461 555 1504 at
597 1463 614 1505 e
627 1443 727 1504 naturi
739 1488 749 1518 ,
759 1442 843 1525 quod

159 1524 326 1604 tranquillet
342 1527 454 1585 animos
465 1569 475 1598 ,
486 1542 548 1584 tum
577 1544 615 1605 pe
629 1569 640 1598 ,
654 1524 724 1584 nihil
742 1543 844 1584 eanum

159 1624 256 1665 rerum
277 1604 471 1678 defuturum,
496 1625 566 1686 quas
586 1621 684 1664 natura
703 1625 764 1664 non
788 1605 844 1665 de·

159 1701 280 1767 pravata
292 1686 446 1747 desideret.
458 1684 719 1765 Quemadmodum
728 1687 846 1746 temeri·

160 1782 226 1839 tas,
242 1764 274 1825 &
291 1765 401 1839 libido,
420 1768 452 1828 &
465 1767 580 1848 ignavia
590 1764 703 1846 semper
714 1766 844 1825 animum

161 1847 349 1918 excruciant,
373 1847 534 1929 &semper
550 1844 700 1907 sollicitant
713 1891 726 1918 ,
741 1847 846 1906 turbu·

162 1925 250 1987 lentae
271 1947 307 1988 ue
329 1925 421 1988 sunt:
451 1931 491 1988 sic
512 1947 602 2010 quum
620 1928 665 1986 vis
691 1928 721 1986 in
742 1942 846 1987 mente

165 1947 319 2079 consedit,
340 2006 397 2068 hoc
417 2010 426 2067 i
449 2007 501 2082 so,
520 2008 602 2090 quod
622 2005 700 2069 adest
716 2051 725 2081 ,
740 2007 846 2067 turbu·

163 2085 243 2155 lenta
268 2106 328 2146 non
353 2030 449 2167 poted
469 2109 530 2148 non
552 2087 641 2147 fieri:
670 2087 746 2148 &si
770 2088 846 2149 verb

162 2166 265 2228 molita
282 2167 431 2248 quippiam
445 2167 506 2241 est,
523 2171 655 2249 quamvis
671 2167 785 2228 occulte
799 2168 847 2229 se·

163 2250 263 2319 cerit,
287 2269 442 2330 numquam
462 2265 560 2309 tamen
582 2247 710 2308 confidet
728 2249 757 2308 id
779 2248 847 2309 fore

164 2325 278 2407 semper
290 2331 443 2390 occultum.
458 2328 631 2410 Plerumque
643 2329 846 2409 improborum

165 2404 241 2466 facta
269 2409 363 2485 primo
378 2410 496 2489 suspicio
526 2409 705 2488 insequitur:
738 2411 847 2470 deinde

164 2484 260 2548 sermo
280 2503 365 2566 atque
384 2487 461 2548 fama
477 2532 487 2562 ,
504 2506 566 2548 tum
587 2489 758 2561 accusator,
782 2507 846 2549 tum

165 2563 255 2628 index
265 2585 273 2624 a
284 2566 366 2628 multi
382 2571 468 2628 etiam
480 2613 490 2643 ,
503 2585 534 2628 ut
545 2586 576 2629 te
591 2569 727 2642 consule,
746 2571 801 2650 ipsi
815 2569 847 2630 se

164 2645 375 2708 indicaverunt.
845 2674 848 2681 ·

169 2772 172 2782 .
211 2745 257 2808 51.
283 2726 376 2807 Quod
399 2726 423 2785 si
441 2727 488 2806 qui
510 2726 574 2787 satis
594 2729 646 2788 sibi
670 2745 770 2789 contra
790 2729 848 2790 ho·

165 2810 275 2870 minum
301 2805 503 2868 conscientiam
520 2806 593 2888 septi
614 2807 670 2870 elle
688 2811 721 2870 &
744 2812 848 2870 muniti

150 2940 153 2947 .
167 2888 321 2961 videntur,
341 2887 463 2949 deorum
475 2904 573 2949 tamen
587 2889 725 2963 horrent,
742 2889 848 2970 easque

167 2965 239 3044 ipsas
258 2968 488 3043 sollicitudines,
513 2970 615 3051 quibus
637 2990 739 3031 eorum
759 2973 848 3030 animi

168 3044 267 3111 noctes
286 3066 372 3134 atque
393 3049 453 3112 dics
463 3050 660 3130 exeduntur,
681 3071 698 3111 a
715 3049 767 3111 diis
788 3051 850 3112 im-

77 3314 391 3570 Ὗ
