2125 4067
305 475 473 561 Irim
508 489 751 576 evimus,
791 501 870 586 509'

187 602 283 666 fuiffet
298 637 308 679 ‚-
326 623 358 664 ut
380 603 450 666 effer
471 623 573 667 contra
592 606 737 667 fortunam
757 605 872 688 semper¹

188 696 329 745 armatus:
348 703 379 745 ur
397 690 495 746 omnia
511 687 642 766 praesidia
656 687 776 748 haberet
792 691 821 748 in
840 688 871 750 se

185 765 265 826 berre
285 765 429 844 beateque
451 766 571 826 vivendi
588 787 595 823 ε
615 785 647 826 ut
667 767 736 828 esset
755 768 874 850 semper

183 845 316 982 ‚deniuue
333 845 450 908 beatus..
463 845 522 906 Sed
532 846 636 906 videro
647 884 657 918 ,
668 847 737 924 quid
745 847 869 910 efficiare

184 927 261 989 ¹tami
274 944 325 1004 per
344 924 400 985 hoc
415 923 507 1005 ipsum
522 928 620 1007 magni
637 923 744 986 aestimo
760 965 771 1000 ,
788 930 870 1006 quod

184 1005 352 1086 pollicetur.
380 1002 456 1065 Nam
475 1005 588 1066 Xerxes
612 1006 731 1086 quidem
750 1006 871 1067 refertus

183 1085 324 1145 .omnibus
345 1089 466 1165 praemiis
487 1084 626 1167 donisque
642 1084 763 1145 fortunae
780 1121 791 1159 ‚-
809 1107 872 1147 non

189 1168 317 1245 equitatu
329 1198 342 1238 ,·
355 1165 604 1246 nonpedestribus
620 1169 711 1246 copiis
722 1209 733 1238 ,
750 1187 810 1226 nou
823 1188 874 1226 na-

183 1249 269 1311 ¹vium
288 1246 500 1320 multitudine,
522 1268 583 1306 non
604 1245 715 1306 infinito
737 1250 739 1255 ’
761 1247 873 1306 undere

189 1328 250 1386 auri
269 1343 440 1397 contentus,
459 1330 610 1407 praemium
630 1349 726 1407 propo
739 1329 800 1400 uit,
822 1325 872 1406 qui

186 1402 341 1467 iuveniffet
366 1428 475 1465 novam
498 1408 681 1487 voluptatem
695 1428 707 1465 ε·
729 1407 787 1486 quir
811 1408 874 1487 ipsi

184 1506 252 1546 uon
273 1482 366 1553 fuiffet
392 1506 564 1547 contentus:
590 1507 689 1568 neque
708 1491 785 1546 euim
805 1507 875 1545 um·

183 1586 279 1646 ¹quam
297 1563 385 1624 finem
398 1567 541 1627 inveniret
558 1567 662 1627 libido⁴
684 1565 747 1626 Nos
764 1567 874 1627 'vellem

183 1647 311 1726 .praemio
333 1646 438 1707 elicere
455 1645 621 1727 possemus,
642 1651 690 1726 qui
712 1648 797 1706 nobis
821 1647 875 1705 ai'u-

181 1725 262 1805 .quid
286 1723 446 1800 attuliffet‚
470 1748 529 1808 quo
553 1728 609 1786 boc
633 1725 873 1788 firmiuserede*

185 1825 297 1887 ¹remus.
552 1838 556 1867 :

186 1938 189 1943 .
232 1882 335 1945 VIII.
360 1883 399 1944 A.
419 1884 539 1946 Vellem
555 1887 584 1945 id
603 1887 742 1967 quideme
759 1885 808 1947 sed
824 1887 876 1946 ha·

183 1964 249 2038 beo
262 1964 429 2045 paululum,
446 1968 526 2046 quod
539 1970 679 2046 requiram
697 1986 777 2046 :ego
795 1969 875 2026 enim

191 2039 353 2117 assentior,
379 2065 509 2118 eorum,
539 2067 603 2125 quae
628 2045 768 2125 posuisti,
797 2047 877 2106 alte«

184 2146 257 2188 sum
277 2127 359 2185 alteri
376 2125 558 2206 consequens
575 2124 630 2187 effe
650 2165 661 2198 ,
684 2144 714 2184 ut
736 2169 745 2197 ‚
769 2145 877 2204 quem-

184 2205 375 2279 admodum,
398 2207 420 2264 si
435 2205 513 2286 quod
527 2204 679 2264 honestum
699 2207 756 2277 sit,
777 2204 808 2262 id
826 2204 877 2264 so*

184 2285 253 2349 ‚lum
277 2287 470 2358 rithmum,
492 2285 624 2366 sequatur
644 2287 761 2344 beatam
784 2288 876 2346 vitam

184 2368 298 2437 ¹virtute
311 2364 418 2426 confici
426 2387 435 2439 ;
449 2368 508 2440 sic,
522 2369 545 2424 si
558 2366 617 2426 vita
633 2365 717 2426 beata
727 2367 757 2424 in
769 2365 877 2428 virtute

193 2447 254 2518 sit,
278 2447 346 2513 nihil
363 2444 419 2506 effe
443 2448 495 2504 nisi
514 2449 650 2508 virtutem
673 2448 795 2506 bonum.
815 2445 877 2508 sed

194 2526 298 2588 Brutus
315 2545 397 2599 tuus,
417 2525 532 2588 auiiore
550 2525 648 2588 Aristo
666 2527 698 2587 &
711 2525 877 2599 Antiocho,

193 2627 256 2668 non
275 2606 358 2667 sentit
372 2607 448 2679 h0c;
467 2625 548 2688 purat
568 2611 647 2670 euim
662 2652 672 2681 ‚
689 2610 775 2668 etiam
796 2611 821 2666 si
840 2610 877 2666 sit

194 2688 307 2748 bonum
325 2687 439 2764 aliquod
451 2704 555 2765 praerer
567 2691 714 2749 virtutem.
726 2686 773 2746 M..
793 2685 878 2764 Quid

187 2770 280 2850 igitur
304 2765 314 2824 ἓ
345 2781 446 2824 contra
469 2764 629 2826 Brutumne
655 2787 704 2826 me
735 2763 876 2826 diaurum

196 2845 299 2929 putas?
315 2845 354 2905 A.
364 2843 412 2905 Tu
425 2845 496 2905 veri>
504 2884 517 2914 5
530 2863 562 2905 ut
576 2846 690 2908 videtur
698 2867 709 2919 3
721 2865 792 2905 nam
805 2866 878 2926 prue-

196 2926 278 2989 fiuire
293 2948 352 2985 non
371 2923 412 2984 est
429 2945 539 2984 meum.

240 3027 293 3068 22,
310 3005 354 3069 Μ.
376 3005 459 3089 Quid
483 3007 586 3088 cuique
609 3006 700 3147 igin}
719 3004 875 3102 euastata}

723 3108 757 3169 ¹¹1
