2125 4067
258 549 415 624 lanan
456 564 701 641 Quantus.
755 553 831 648 165

140 662 267 728 {lituram
289 669 494 749 disciplinam,
518 687 550 729 ut
572 691 632 730 non
655 648 830 732 ellelcausae

140 747 278 821 Zenoni,
297 770 385 828 quum
405 748 599 810 Polemonem
613 750 728 812 audillet
743 796 752 823 ‚
773 762 845 830 cut,

142 828 177 886 ὅ(
193 829 230 886 ab
243 849 283 887 eo
301 828 363 908 ipso
380 829 412 889 &
425 851 441 886 a
454 827 644 907 superioribus
658 831 827 907 dissideret,'

144 927 272 988 quorum
287 907 339 966 fuit
354 909 416 967 haec
427 906 565 966 institutio
574 931 582 966 ·.
591 913 620 967 in
632 931 686 990 qua
699 912 827 971 animad-¹

144 1004 245 1046 vertas
262 989 371 1059 velim,
386 988 454 1068 quid
468 1006 554 1068 putes
568 989 751 1064 mutandum,
770 1012 828 1053 nee

141 1065 319 1146 exspec‘les‚
341 1069 410 1127 dum
428 1067 465 1128 ad
488 1070 587 1127 omnia
605 1068 720 1142 dicam,
736 1092 798 1150 quae
811 1092 832 1132 ι

140 1149 172 1207 ie
192 1147 267 1208 <lilla
286 1148 374 1208 sunt:
396 1148 532 1208 universi
551 1151 629 1209 enim
652 1149 767 1208 illorum
783 1171 836 1208 ra·

140 1230 222 1289 tione
240 1251 305 1289 cum
322 1248 383 1290 tota
399 1228 494 1289 vellra
510 1229 732 1310 confligendum
768 1242 836 1292 uto-⁹

182 1330 212 1382 4.
235 1309 297 1389 Qui
309 1331 399 1391 quum
414 1311 570 1383 viderent,
584 1313 622 1368 ita
639 1329 693 1369 nus
708 1329 725 1370 e
749 1331 766 1370 e
779 1322 836 1369 nae·

140 1403 190 1448 tos
211 1434 221 1463 ‚
246 1392 330 1450 ut&
355 1394 549 1451 communiter
570 1391 608 1449 ad
632 1410 680 1451 eas
707 1393 835 1452 virtute&

141 1471 204 1547 apti
223 1469 342 1531 ellemus
352 1516 362 1543 ‚
374 1493 437 1554 quae
452 1489 528 1530 notae
544 1469 721 1550 illustresque
740 1470 831 1546 sunt,·

139 1546 278 1628 justitiam
296 1552 382 1624 dico,
401 1555 641 1631 temperantiam,
658 1551 833 1634 ceterasque.

140 1634 257 1712 generis
276 1629 428 1710 ejusdem,
446 1653 512 1712 quae
528 1652 631 1692 omnes
652 1634 758 1692 similes
778 1642 833 1692 ard
904 1685 906 1690 .

140 1713 212 1770 tium
232 1712 424 1792 reliquarum,
441 1715 557 1774 materil
572 1715 684 1772 tantiam
705 1713 741 1772 ad
761 1734 828 1774 me·

139 1791 243 1852 liorem
269 1811 381 1874 partem
408 1795 439 1853 &
461 1792 634 1854 traciatione
658 1791 792 1854 differunt
813 1802 833 1868 3³

140 1871 244 1953 easque
260 1873 330 1955 ipsas
346 1878 466 1936 virtutes
486 1874 621 1934 viderent
639 1895 693 1933 nos
712 1877 828 1955 magni·

139 1950 271 2013 ficentilrs
296 1972 437 2035 appetere
461 1955 493 2013 &
518 1954 693 2024 ardentium
716 1955 834 2014 habere⁴

139 2035 228 2092 etlam
247 2037 361 2093 insitam
382 2034 538 2115 quamdam
559 2035 608 2093 vel
625 2035 720 2112 potiias
741 2036 829 2092 inna-

138 2129 201 2172 tam
221 2117 409 2193 cupiditatem
433 2114 582 2186 scientiae‚
608 2112 747 2194 natosque
767 2112 826 2175 elle

139 2193 180 2252 ad
197 2198 455 2273 congregationem
470 2195 623 2251 ltominum
638 2195 670 2250 &
689 2195 726 2251 ad
735 2193 829 2253 socie·

138 2289 234 2334 tatem
249 2274 546 2350 communitatemque
561 2274 674 2353 generis
691 2274 827 2346 humani,

139 2373 233 2433 eaque
251 2355 280 2412 in
300 2354 430 2412 maximis
448 2354 570 2432 ingeniis
586 2352 709 2411 maxime
725 2353 836 2415 eluce-³

140 2455 189 2494 re:
209 2450 301 2493 totam
320 2432 532 2514 philosophiam
547 2451 606 2492 tres
622 2435 651 2513 in
667 2452 761 2513 partes
778 2435 825 2496 di·

140 2513 266 2574 viserunt
276 2535 387 2654 3spuam
403 2515 592 2594 partitionem
607 2536 624 2574 a
637 2515 758 2577 Zenone
776 2536 824 2577 te·

140 2613 251 2655 tentam
269 2616 287 2655 e
311 2616 327 2656 e
342 2593 486 2655 videmus.

185 2695 212 2754 5.
236 2675 370 2754 Quarum
387 2692 475 2756 quum
492 2697 549 2735 una
566 2679 601 2736 sit
618 2721 627 2749 ‚
646 2677 702 2755 qui
723 2696 823 2738 moret

138 2755 318 2816 conformari
331 2773 464 2834 putantur
476 2775 486 2825 ·,
496 2753 599 2827 differo
613 2775 676 2816 eam
691 2775 804 2836 partem
812 2776 833 2830 ,·

138 2855 209 2917 quae
223 2836 301 2912 quasi
317 2832 399 2913 stirps
416 2832 457 2892 est
473 2832 557 2910 liuius
574 2835 753 2910 quaellionis:
775 2838 835 2918 qui·

139 2919 178 2977 sit
200 2915 279 2975 enim
299 2910 362 2971 finis
382 2913 551 2982 bonorum,
569 2932 658 2983 mor,
678 2913 824 2974 hocloco

140 2999 255 3058 tantitm
283 2994 349 3054 dico
370 3039 382 3067 ,
414 3015 429 3052 a
454 2991 602 3052 veteribus
627 2989 824 3072 Peripateticis

96 3123 99 3130 ·
142 3075 403 3160 Academicisque,
415 3074 465 3158 qui
480 3094 512 3136 te
525 3070 755 3150 consentientes,
766 3097 831 3153 rog,
