2125 4067
217 576 330 646 eto
388 565 491 632 'Da
527 569 759 631 aturrus·

248 682 390 749 tionem,
412 675 461 735 sed
483 676 571 734 etiam
596 673 633 733 ad
657 673 934 755 rerumpublicarum

249 757 409 820 {cilionem
426 756 535 814 relata:
555 756 685 814 omniurn
704 753 765 815 sere
783 757 934 816 civitatum

250 856 313 897 non
331 835 454 896 Graeciae
469 834 560 895 solitm
577 878 587 907 ,
607 834 657 895 sed
669 837 758 895 etiarn
768 836 936 910 barbariae,

252 918 290 977 ab
318 914 472 976 Aristotele
493 934 618 986 mores,
636 913 787 989 instituta,
811 915 935 997 discipli·

253 1017 324 1070 nas;
344 1019 360 1056 a
377 993 581 1076 Theophrasto
599 995 678 1076 leges
692 997 780 1055 etiam
794 998 935 1078 coguovi-

254 1099 319 1139 mus
332 1098 339 1135 :
359 1095 505 1157 quumque
520 1090 641 1155 uterque
655 1093 757 1134 eorum
778 1073 935 1148 docuisset,

128 1206 130 1211 .
254 1158 373 1241 qualem
391 1160 420 1216 in
440 1155 587 1236 republica
603 1157 762 1235 principem
784 1153 843 1216 esse
864 1176 936 1215 con·

253 1242 392 1309 veniret3
407 1237 536 1316 pluribus
551 1250 692 1328 praeterea
708 1254 798 1314 quum
817 1234 937 1316 scriptis·

255 1317 326 1392 set,
347 1319 395 1396 qui
413 1313 481 1376 esset
500 1328 626 1394 optimus
645 1315 812 1396 reipublicae
830 1313 935 1388 status3

207 1399 212 1410 '
255 1399 315 1459 hoc
336 1395 456 1475 amplilrs
473 1392 710 1474 Theophrastus,
723 1414 788 1476 quae
801 1393 892 1457 effent
909 1397 937 1454 iu

257 1476 407 1558 republica
426 1474 626 1534 inclinationes
639 1495 735 1536 return
755 1475 788 1535 δι
806 1495 939 1536 momen·

257 1574 289 1617 ta
308 1572 495 1635 temporum,
506 1555 607 1635 quibus
626 1553 696 1616 esset
710 1554 939 1628 moderandum,

259 1652 417 1716 utcumque
438 1655 483 1695 res
500 1633 667 1716 postularet.
689 1634 766 1694 Vitae
783 1635 940 1697 autemde·

261 1715 365 1799 gendae
386 1718 460 1776 ratio
484 1717 607 1774 maxime
627 1715 745 1795 quidem
766 1715 821 1775 illis
839 1716 940 1796 placuit

260 1797 380 1879 quieta,
401 1797 431 1855 in
453 1795 701 1877 contemplatione
722 1795 754 1855 &
775 1798 941 1877 cognitione

233 1950 236 1954 .
260 1878 358 1959 p'osita
371 1895 488 1948 rerum3
507 1897 570 1956 quae
581 1878 647 1957 quia
661 1874 784 1936 deorum
801 1893 864 1936 erat
878 1877 942 1935 vita

260 1957 437 2031 simillima,
466 1956 593 2036 sapiente
617 1954 680 2015 visa'
703 1952 745 2016 est
771 1955 801 2014 di
842 1957 941 2015 issima.

262 2037 366 2117 Atque
382 2035 425 2096 his
441 2035 478 2095 de
492 2036 576 2096 reb'us
588 2034 776 2116 &splendida
792 2057 810 2097 e
845 2054 942 2097 eorum

266 2119 302 2178 ὃ(
318 2116 429 2176 illustris
446 2119 551 2175 oratio.
598 2136 601 2145 ·
822 2157 824 2161 -

307 2195 349 2257 V.
372 2195 422 2256 De
435 2195 547 2256 summo
563 2196 668 2267 botro,
685 2195 752 2276 quia
761 2196 822 2256 duo
841 2216 945 2279 genera

265 2277 404 2338 librorum
415 2275 476 2335 sunt
486 2321 496 2350 ‚
508 2298 598 2337 unum
609 2275 787 2357 populariter
795 2276 946 2359 scripturn,

267 2356 347 2435 quod
368 2359 509 2435 issnrtgtrtit
532 2357 740 2439 appellabant3
765 2357 887 2418 alterum
909 2357 947 2416 ll·

266 2436 372 2493 matius
390 2476 411 2505 ,.
425 2433 505 2511 quod
529 2438 559 2494 in
584 2439 799 2519 commentariis
825 2437 947 2517 relique·

268 2527 354 2582 runt·,
370 2530 431 2571 non
446 2511 564 2592 ‘semper
577 2514 657 2574 idern
680 2514 776 2577 dicere
796 2517 946 2577 videntur:

269 2592 371 2650 necin
391 2588 501 2649 summa
511 2614 611 2654 tamen
625 2593 684 2674 ipsa
698 2612 747 2656 aut
764 2598 890 2677 uarietas
909 2593 948 2656 esi

269 2670 345 2747 ulla,
365 2669 514 2751 apudbos
530 2674 667 2754 quidem,
687 2694 761 2754 quos
781 2677 949 2748 nominavi,

270 2767 320 2812 eut
339 2754 413 2811 inter
427 2749 505 2830 ipsos
522 2752 676 2815 dissensio:
698 2753 852 2835 sedquunt
867 2755 951 2817 beata

272 2835 334 2892 vita
348 2847 508 2912 quaeratur,
522 2835 609 2916 idque
620 2836 655 2894 sit
672 2853 761 2893 unum
769 2856 781 2906 ,·
794 2836 877 2917 quod
890 2836 952 2917 phi»

272 2912 405 2992 losophia
424 2911 548 2992 spectare
571 2913 701 2994 &sequi
721 2914 829 2977 debeat
848 2937 858 2989 ;
881 2920 952 2975 'sitne

272 3012 310 3058 ea
326 3009 389 3053 tota
399 2996 450 3051 sita
464 2995 492 3052 in
509 2993 650 3074 potestate
667 2995 819 3073 sapientis,
831 3014 869 3063 tn
884 3010 954 3079 pos·

233 3104 235 3108 2
273 3074 311 3131 sit
327 3088 375 3137 tut
387 3070 553 3159 labefastati
563 3089 638 3150 ,aot
653 3075 728 3158 eripi
740 3073 838 3137 rebus·
848 3076 954 3143 trivere
