2125 4067
323 540 496 616 Ἒιηκ
528 560 736 619 eamve·
797 550 876 641 '301

189 672 260 762 :Argo
270 724 279 752 ‚
292 678 347 762 qieia
357 691 443 762 Argivi
452 692 476 743 in
486 710 532 750 ea,
546 691 628 742 delesti
637 692 684 744 riri
691 728 702 750 ‚

193 784 262 838 Vu‘ii
271 824 281 847 ,
298 789 412 856 petebant
418 784 506 856 pellem
516 784 648 836 inauratam
655 786 755 845 arietiu
828 804 834 817 ⁸

191 921 244 963 aut
259 906 300 977 ii,
314 907 364 986 qui
374 904 487 967 Oceani
497 901 570 965 freta
578 903 626 963 illa
635 904 785 978 videmnt,'

186 996 317 1113 'Euripam
326 1026 469 1096 libyamque
479 1042 556 1092 rapax
569 1025 609 1074 ubi
621 1024 706 1076 dividis
714 1028 792 1075 unda:

190 1147 275 1228 quod
293 1147 415 1208 tandem
432 1143 625 1227 speeiaculum
643 1142 708 1206 fore
723 1146 877 1283 finiamus}

190 1248 282 1309 quum
298 1245 393 1288 totam
403 1245 510 1287 terram
521 1228 655 1286 contueri
668 1225 722 1284 lice
744 1227 784 1295 it,
799 1221 876 1302 ejus·

188 1328 248 1388 que
258 1329 346 1390 quum
358 1311 462 1379 situm,
485 1303 628 1380 formam,
642 1302 877 1384 circumscriptio·

188 1406 279 1463 nem,
295 1406 357 1448 tum
369 1385 582 1448 &habitabiles
595 1389 751 1468 regiones,
767 1384 798 1444 &
808 1404 876 1443 rur·

188 1466 251 1527 sum
273 1471 355 1528 omni
373 1468 450 1528 cultu
468 1482 589 1547 propter
609 1471 670 1529 vim
687 1466 805 1547 frigoris·
822 1480 873 1523 aut

188 1549 295 1609 caloris
310 1545 464 1608 vacantes?
685 1611 688 1617 ¹

231 1627 282 1701 46.
305 1627 369 1689 Nos
393 1630 470 1688 enim
487 1646 525 1688 ne
546 1646 620 1686 nunc
640 1626 759 1707 quidem
780 1624 872 1697 oculis

183 1711 332 1768 7¹cernimus
349 1729 409 1782 ea,
427 1729 491 1789 quae
508 1707 658 1767 videmus:
673 1727 769 1789 neque
787 1708 870 1768 enim

187 1786 230 1849 est
249 1789 322 1847 ullus
341 1787 432 1849 sensus
448 1792 476 1848 in
496 1808 620 1868 corpore
638 1833 648 1862 ‚
664 1786 733 1862 sed,
755 1803 787 1846 ut
808 1804 869 1846 non

186 1866 279 1928 solilm
297 1869 335 1948 ph
361 1871 408 1928 sici
421 1869 547 1942 docent,
562 1872 664 1929 verimi
675 1871 763 1928 etiam
775 1866 870 1926 medi·

186 1949 214 2007 ci
223 1991 235 2019 ,
255 1951 306 2028 qui>
317 1891 365 2007 iiia
381 1967 480 2027 aperta
497 1949 530 2007 &
550 1948 694 2030 patefafih
714 1947 869 2018 viderunt,

185 2029 241 2090 viae
257 2032 336 2108 quasi
349 2029 481 2108 quaedam
496 2026 610 2086 suntad
624 2028 748 2099 oeulos,
765 2026 802 2085 ad
816 2045 871 2082 au·

184 2126 233 2169 res
253 2150 263 2176 ‚
286 2107 323 2165 ad
345 2122 453 2181 nares,
476 2127 493 2164 a
511 2105 578 2166 sede
593 2109 680 2166 animi
698 2104 870 2187 perforate:

182 2187 285 2267 itaque
306 2186 381 2266 saepe
398 2204 446 2246 aut
466 2189 642 2265 cogitatione
660 2205 708 2245 aut
728 2183 822 2265 aliqui
839 2180 871 2241 vi

183 2267 283 2327 morbi
304 2266 455 2346 impediti,
473 2269 579 2345 apertis
598 2282 684 2346 atque
703 2263 870 2345 integris&

183 2348 277 2409 oculis
293 2346 324 2408 ὅ(
337 2346 468 2418 auribus,
485 2366 540 2405 nec
553 2347 705 2418 videmus,
720 2365 774 2406 nec
789 2342 870 2404 audi·

181 2446 248 2488 mus
269 2448 278 2500 3
305 2442 336 2486 ut
360 2426 444 2488 facile
463 2427 583 2509 intelligi
602 2427 718 2509 possit,
740 2427 867 2486 animum

183 2507 219 2567 δι
241 2509 342 2570 videre
369 2508 400 2568 &
428 2507 557 2581 audire,
582 2529 643 2570 non
668 2527 717 2569 eas
738 2525 865 2591 partes,

183 2608 249 2668 quae
274 2590 352 2670 quasi
378 2587 506 2649 fenestrae
528 2588 591 2649 sunt
614 2591 702 2651 animi
724 2608 734 2662 ;
763 2588 866 2669 quihus

182 2680 282 2729 temen
305 2669 407 2728 sentire
430 2669 500 2728 nihil
519 2687 606 2749 queat
628 2691 712 2730 mens
731 2713 742 2742 ,
758 2669 813 2729 nisi
833 2666 866 2726 id

167 2766 271 2830 agat,
291 2748 322 2806 &
340 2746 422 2806 adsit.
445 2747 527 2823 Quid
536 2791 549 2820 .‚
566 2750 646 2826 qubd
662 2747 767 2808 eadem
784 2764 866 2806 men·

180 2842 212 2889 te
246 2846 292 2885 res
324 2825 523 2884 dissimillimas
552 2826 826 2904 comprehendimus
854 2837 866 2897 ‚'

179 2925 213 2967 ut
240 2903 401 2977 colorem,
425 2903 585 2984 saporem,
608 2905 763 2976 calorem,
785 2903 866 2964 odo·

181 3007 244 3048 rem
267 3032 276 3060 ‚
296 2982 451 3045 'sonum'i
461 3004 529 3073 quae
558 3004 716 3068 numquam
738 2986 865 3066 quinque

182 3070 289 3132 nuntiis
308 3068 420 3131 animus
437 3063 651 3150 cognosceret,
668 3066 722 3130 nisi
738 3064 776 3128 ad
794 3080 862 3129 eum
