2125 4067
208 526 286 621 548
336 506 767 594 T-vscvrarunvu'

206 654 300 699 rrum:
318 634 481 698 necessarias
495 634 587 696 satiari
598 631 679 715 posse
691 634 892 717 penenihilo}

206 719 319 778 divitias
335 718 413 777 enim
429 732 536 776 naturae
547 714 690 796 parabiles
702 714 772 787 esse.¹
785 714 893 777 Secun-

206 798 276 859 dum
297 814 396 856 autem
421 814 511 877 genus
537 816 571 855 cu
593 794 755 871 iditatum,
777 816 836 856 nec
860 795 893 856 ad

206 876 383 959 potiendum
401 873 517 936 difficile
536 895 552 935 e
576 894 593 935 e
610 873 726 947 censet,
748 895 806 937 nec
824 876 896 937 veri

206 956 245 1016 ad
263 957 429 1017 carendum.
447 952 581 1029 Tertiae,
600 955 682 1035 quod
698 953 793 1017 effert
834 956 897 1016 lane

206 1038 327 1109 inanes,
346 1056 442 1132 neque
453 1036 657 1096 necessitatem
669 1036 785 1110 modo,
812 1035 850 1097 ed
860 1053 896 1096 ne

208 1134 340 1177 naturam
356 1116 473 1198 qurdem
489 1114 825 1196 attingerent,sunditns
842 1111 900 1192 eii·

210 1196 328 1257 ciendas
348 1199 470 1276 putavit.
751 1200 753 1205 '

251 1295 301 1354 94.
322 1277 389 1335 Hoc
401 1276 470 1336 loco
484 1274 622 1335 multaab
634 1272 787 1354 Epicureis
804 1274 897 1356 dispu-¹

210 1370 308 1416 tantur
327 1400 336 1429 ‚
354 1374 454 1437 eaeque
474 1355 641 1435 voluptates
660 1354 828 1434 singillatim
845 1375 898 1416 ex-

208 1450 364 1496 tenuantur
382 1455 391 1508 ;
411 1455 532 1516 quarum
551 1454 659 1515 genera
678 1454 742 1492 non
762 1451 898 1495 contem·

211 1533 285 1576 nunt
308 1536 318 1588 3
342 1530 470 1597 quaerunt
488 1534 588 1575 tamen
608 1514 749 1594 copiam:
775 1535 843 1573 narn
866 1514 897 1574 &

215 1595 365 1655 obscoenas
383 1596 570 1675 voluptates,
589 1593 626 1653 de
643 1592 849 1675 quibusmuita
864 1594 899 1655 ab

212 1676 268 1734 illis
286 1675 405 1734 habetur
431 1676 548 1746 oratio,
565 1672 683 1746 faciles,
700 1688 900 1748 communes,

212 1755 244 1813 in
264 1754 362 1813 medio
380 1757 445 1813 sitas
463 1752 520 1812 effe
538 1752 663 1825 dicunt3
684 1752 791 1834 easque
805 1756 828 1813 si
845 1774 900 1813 na-

203 1848 277 1893 tura
297 1835 440 1913 requirat,
458 1852 518 1892 non
535 1850 662 1913 genere,
679 1850 731 1891 aut
748 1834 835 1907 loco,
851 1848 898 1893 aut

214 1913 337 1985 ordine,
354 1911 403 1971 sed
420 1913 534 1984 sormi,
548 1929 649 1983 atate,
668 1908 764 1993 figura
780 1914 900 1973 metien-

215 1993 267 2051 das
290 2008 415 2071 putant:
442 1993 478 2051 ab
501 1991 589 2071 iisque
613 1989 758 2052 abstinere
784 1992 901 2053 minime

217 2070 275 2133 effe
287 2070 419 2143 difficile,
431 2073 454 2129 si
466 2089 515 2131 aut
525 2069 685 2144 valendo,
699 2088 748 2130 aur
762 2069 903 2146 officium,-

216 2170 266 2212 aut
285 2150 362 2211 fama
379 2149 524 2231 postulet:
540 2153 722 2230 omninoque
741 2169 832 2232 genus
846 2153 903 2212 hoc

215 2233 400 2310 voluptatum
421 2230 550 2311 optabile
567 2225 623 2291 effe
640 2274 651 2304 ‚
671 2232 695 2290 si
719 2250 783 2292 non
803 2232 904 2306 obsit5

216 2309 352 2392 prodesse
368 2331 536 2391 numquam.

258 2406 308 2470 95.
330 2390 502 2471 Totumque
513 2391 571 2450 hoc
583 2389 620 2451 de
630 2388 786 2470 voluptate
800 2390 904 2453 sicilie

215 2472 356 2550 praecepit
372 2513 383 2542 ,
402 2486 434 2529 ut
455 2470 525 2531 volu
550 2486 641 2531 ratem
657 2470 745 2551 ipsam
789 2469 899 2542 erse,

215 2551 283 2629 quia
300 2549 435 2627 voluptas
454 2551 510 2622 sit,
525 2492 640 2630 semper
663 2567 750 2630 optan
773 2568 820 2608 am
840 2567 899 2609 ex·

215 2627 373 2710 petendam
395 2647 432 2687 ue
459 2646 571 2708 putet3
600 2630 759 2711 eademque
783 2627 900 2690 ratione¹

215 2708 352 2769 dolorem
364 2648 405 2767 oi>
420 2707 450 2766 id
465 2708 577 2850 ipsum,
588 2713 655 2791 qnia
666 2709 752 2770 dolor
760 2711 798 2768 sit
808 2752 818 2783 ,
827 2702 906 2768 sern-

215 2809 270 2870 per
291 2787 349 2849 esse
370 2787 466 2870 sugien
488 2809 566 2850 um:
592 2794 689 2871 itaque
710 2789 766 2848 hac
788 2787 903 2849 usurum

217 2867 456 2948 compensatione
471 2868 648 2959 sapientem,
667 2885 701 2929 ut
718 2868 905 3009 volppeffin

217 2947 308 3029 fugiat
324 2994 333 3023 ‚
352 2951 375 3008 si
394 2969 428 3009 ea
451 2970 594 3028 malorem
615 2951 752 3011 dolorem
886 2968 904 3007 a

218 3030 254 3086 sit
270 3047 283 3102 3
301 3030 333 3091 δι
351 3030 485 3093 dolorem
501 3029 656 3114 suscipiat,
676 3025 826 3111 majorem
841 3024 911 3090 effi·
