2125 4067
257 532 337 610 472
388 513 815 582 Tvscuzmnvu

256 629 396 690 sublatam
413 625 479 688 fote
496 669 507 699 ,
526 644 589 704 quae
606 622 721 683 summa
738 621 814 685 esset
835 623 866 685 in
886 622 934 701 eli}

256 713 305 790 qui
322 709 422 791 leges,
435 710 485 789 qui
500 702 678 799 magistratus
688 742 705 776 5
716 707 766 785 qui
788 725 932 787 pauperta-

255 806 338 861 tem,
356 791 407 868 qui
422 787 611 869 ignominiam
628 826 640 857 ,
659 788 712 865 qui
727 803 881 859 morrena,
899 788 936 869 qu'

254 867 393 928 dolorem
412 870 571 927 timerent:
590 864 653 924 haec
673 881 777 926 tamen
792 866 835 925 ita
854 866 937 947 dffpu·

252 963 319 1006 tant
335 990 345 1019 ,
369 962 400 1007 ut
414 944 569 1007 resecanda
585 942 642 1003 else
661 941 815 1004 fateantur
831 966 843 1019 ;
862 947 937 1007 evell
981 952 982 959 ’

256 1029 373 1107 penitus
391 1027 485 1086 dicant
502 1044 558 1084 nec
573 1021 675 1104 polle,
693 1044 753 1085 nec
773 1046 853 1105 opus
872 1023 937 1086 elle:

256 1108 340 1165 utin
361 1107 495 1166 omnibus
514 1104 575 1164 fere
598 1104 684 1163 rebus
709 1104 937 1167 mediocritatem

259 1183 316 1245 elle
329 1188 469 1265 optimam
480 1183 640 1245 existimem
649 1201 736 1264 aquae
746 1205 839 1265 quum
855 1204 938 1266 expo·

259 1281 351 1335 nunt,
370 1266 477 1325 nihilne
489 1265 541 1323 tibi
555 1264 714 1336 videntur,
727 1285 767 1322 an
782 1265 890 1345 aliquid
900 1265 939 1324 di·

261 1343 351 1405 tere?
373 1345 412 1404 A.
429 1344 504 1404 Mihi
522 1344 597 1403 verb
621 1342 726 1403 dicere·
739 1344 872 1425 aliquid3
891 1347 939 1405 itt*

263 1443 329 1562 qual
338 1423 473 1563 lilii?
484 1420 794 1583 idsst‘edassssdlditaffe:
809 1502 867 1572 sea,
877 1500 936 1564 lul

260 1583 338 1644 ante.
353 1581 501 1654 Videsne,
518 1598 624 1664 quanta
640 1580 729 1642 fuerit
746 1605 763 1642 a
785 1583 826 1642 ud
836 1581 938 1644 Acade

261 1665 353 1722 micos
363 1663 558 1723 verecundia?
593 1662 747 1721 landenim
759 1605 938 1746 dicuntquod

259 1741 299 1799 ad
318 1762 379 1802 rem
393 1744 547 1822 pertineat.
572 1683 775 1822 deriputeticis
788 1742 939 1824 responde·

256 1832 308 1879 ¹tur
319 1843 337 1880 a
349 1820 465 1881 Stoicis.
477 1879 478 1882 ,
488 1820 693 1902 Digladientur
703 1822 746 1880 illi
757 1866 767 1895 ‚
780 1843 835 1902 per
846 1844 893 1885 me
909 1823 942 1882 li·

261 1917 328 1973 eet3
344 1904 390 1961 cui
406 1902 475 1960 nihil
490 1900 531 1960 est
544 1899 809 1975 neceffe,.nis·1uhi
821 1904 857 1963 sit
868 1901 942 1978 illud,

284 1981 344 2040 uod
361 1981 598 2042 verisimillimum
610 1981 745 2041 videatur
755 2024 770 2057 ,·
788 1984 942 2064 anquirere.

262 2002 347 2138 Quid
358 2060 510 2142 elligitur,
528 2060 607 2141 quod
621 2079 754 2120 occurrat
765 2064 797 2121 in
807 2062 862 2122 hae
877 2084 944 2144 quae·

262 2139 376 2211 ssione,
393 2161 480 2222 equo
497 2143 587 2221 possit
607 2143 708 2221 attingi
722 2142 832 2222 aliquid
846 2143 945 2204 verisi'·

263 2220 352 2293 mile,
368 2222 426 2301 qui>
441 2221 490 2280 lon
511 2222 553 2279 ius
567 2239 649 2279 mens
665 2220 794 2281 humana
811 2222 945 2306 progredi

262 2241 946 2460 aarpullulantur-ira}

261 2462 328 2530 nit',
347 2476 382 2518 *ut
403 2461 577 2520 Perturbatio
596 2463 634 2519 sit
655 2461 753 2538 averfir
771 2463 944 2536 aratione,

262 2556 357 2595 eontra
372 2558 517 2611 naturam,
534 2541 622 2598 animi
637 2541 793 2600 commotio:
809 2539 859 2598 vel
871 2541 943 2600 διε·

262 2617 326 2674 viius
340 2657 349 2687 ‚
368 2633 400 2673 ut
412 2619 586 2677 Perturban'o
600 2621 638 2678 sit
656 2620 786 2701 appetitur
799 2619 943 2680 veliemen-

262 2698 338 2756 tior:
360 2695 565 2756 vehementior
583 2715 682 2759 autem
701 2697 873 2777 imelligatur
893 2703 917 2760 is
932 2742 943 2775 ,

263 2778 312 2856 qui
322 2778 423 2855 procul
436 2778 536 2836 absita
548 2794 654 2837 naturae
668 2777 845 2839 constantin·
925 2794 930 2804 ·

266 2903 269 2909 .
304 2855 354 2929 48.
378 2855 461 2936 Quid
475 2857 512 2915 ad
523 2857 574 2916 has
588 2856 773 2919 definitiones
784 2856 894 2939 possim
904 2855 945 2915 di-

263 2935 352 2996 cere?
375 2939 453 3017 atqui
471 2937 532 2996 haec
551 2938 689 3017 pleraque
707 2936 772 2998 sunt
792 2935 945 3017 prudenter

263 3015 403 3099 acuteque
417 3015 632 3094 differentium
645 3017 694 3082 illa
709 3017 832 3100 quidem
843 3035 880 3080 ex
890 3015 946 3077 rho
