2125 4067
188 520 267 595 292
316 500 734 569 Toscorrnrrvsr

185 615 286 676 mortis
304 629 385 674 metu
410 611 578 694 possumus,
606 612 635 671 id
657 634 804 696 agamus:
826 612 867 675 siu

183 694 217 754 id
234 714 293 753 non
309 691 429 773 potest,
445 695 500 754 nisi
517 693 570 755 hac
585 694 743 772 quaellione
759 697 869 756 animo·

185 794 250 833 rum
267 776 410 853 explicati
426 818 436 847 ,
463 793 562 847 nune,
582 774 606 831 si
625 774 765 850 videtur,
783 776 839 835 hoc
856 795 865 833 :

185 853 278 924 illud,
297 852 376 913 aliis.
393 852 438 913 Μ.
456 851 551 933 Quod
568 852 657 917 malle
670 872 700 915 te
718 856 866 936 intelligo,

184 934 215 993 id
243 950 316 1014 puto
344 932 400 994 elle
426 932 633 993 commodius:
662 933 773 996 efficiet
792 938 866 996 enim

108 1022 113 1029 '
185 1015 279 1088 ratio,
296 1030 328 1074 ut
347 1033 537 1094 quaecumque
553 1031 622 1072 vera
636 1014 672 1072 sit
693 1034 795 1076 earum
811 1015 871 1075 sen·

185 1095 341 1153 tentiarum
352 1099 361 1168 ,'
374 1114 442 1174 quas
454 1091 592 1174 exposui,
604 1111 684 1151 mors
698 1113 749 1157 aut
762 1095 872 1155 malunt

187 1194 248 1234 non
266 1178 321 1247 sit,
338 1190 389 1233 aut
407 1175 443 1232 sit
461 1173 573 1233 bonum
589 1174 699 1250 potius.

191 1297 196 1307 .
231 1273 278 1326 24.
298 1253 374 1313 Nam
388 1255 411 1312 si
424 1273 496 1326 cor,
512 1269 561 1312 aut
576 1250 690 1335 sanguis
697 1298 709 1328 „
726 1271 776 1314 aut
790 1273 866 1316 cere·

188 1334 272 1392 hrum
293 1332 336 1395 est
367 1335 478 1393 animus
498 1377 509 1404 ,
541 1332 645 1406 certe,
665 1337 807 1414 quoniam
829 1333 866 1395 eli

188 1433 316 1493 corpus,
345 1414 473 1472 interibit
494 1433 561 1472 cum
579 1411 692 1492 reliquo
714 1433 865 1495 corpore:

189 1495 212 1552 si
222 1494 316 1551 anima
327 1490 369 1552 est
380 1491 514 1566 fortasse,
528 1493 712 1572 dissipabitur
723 1514 731 1552 a
741 1497 766 1553 si
777 1496 865 1576 ignis,

188 1570 399 1654 exstinguetur:
420 1576 442 1632 si
464 1571 505 1634 est
518 1571 684 1632 Aristoxeni
701 1573 866 1648 harmonia,

190 1652 365 1714 dillolverur.
391 1650 475 1730 Quid
497 1653 535 1713 de
556 1650 730 1714 Dicaearcho
753 1655 866 1728 dicam,

190 1735 239 1812 qui
258 1734 464 1793 nihilomnino
484 1734 611 1792 animum
630 1733 709 1793 dicat
722 1733 802 1796 effe?
816 1734 866 1794 His

189 1813 336 1874 sententiis
348 1813 482 1873 omnibus
496 1813 566 1872 nihil
580 1811 646 1892 post
661 1831 790 1893 mortem
803 1835 867 1896 per·

189 1896 282 1953 tinere
296 1894 333 1954 ad
351 1913 525 1975 quemquam
538 1891 654 1973 potest3
670 1897 778 1973 pariter
791 1897 866 1956 enim

190 1995 256 2034 cum
270 1977 329 2036 vita
349 1973 442 2035 sensus
461 1974 615 2034 amittitur:
639 1994 701 2033 non
723 1974 865 2036 sentientis

190 2073 308 2127 autem,
332 2056 403 2114 nihil
422 2053 488 2128 est,
507 2054 595 2113 ullam
610 2055 641 2112 in
659 2072 774 2134 partem
789 2054 866 2136 quod

189 2137 308 2196 intersit.
326 2134 514 2215 Reliquorum
534 2132 682 2194 sententie
699 2134 783 2214 spem
799 2133 866 2214 affo-

191 2234 277 2290 runt,
294 2217 316 2275 si
336 2234 365 2275 te
384 2215 459 2276 forte
472 2215 529 2273 hoc
544 2212 690 2287 deletur,
733 2214 793 2276 olle
809 2218 868 2276 ani·

191 2317 278 2371 mos,
296 2317 386 2376 quum
406 2317 422 2356 e
443 2293 614 2375 corporibus
632 2236 820 2370 excederint,
838 2297 866 2356 in

186 2377 317 2468 eoelum,
338 2378 418 2458 quasi
431 2378 461 2436 in
480 2374 659 2434 domicilium
678 2372 777 2450 suum,
794 2394 865 2456 per-

185 2473 296 2515 venire.
728 2500 730 2505 -

186 2564 191 2571 ·
230 2552 278 2613 25.
295 2531 335 2591 A.
353 2534 407 2594 Me
426 2535 500 2596 verb
520 2532 665 2608 deledlat3
683 2531 787 2614 idque,
803 2531 864 2612 pri·

188 2614 269 2674 miim
289 2615 328 2675 ita
345 2613 423 2686 elle3
442 2614 548 2674 deinde
563 2661 572 2690 ,
587 2617 677 2675 etiam
693 2615 715 2673 si
732 2633 792 2679 non
807 2613 866 2684 εἰη

188 2695 259 2756 mihi
283 2710 380 2755 tamen
407 2693 572 2774 persuaderi
599 2696 701 2764 velim.
719 2692 765 2753 M.
783 2690 866 2771 Quid

189 2777 241 2837 tibi
261 2795 331 2859 ergo
352 2775 443 2855 operi
469 2773 565 2834 nostri
594 2795 670 2855 opus
697 2772 771 2834 est?
797 2791 866 2832 num

188 2855 356 2938 eloquentiai
378 2855 528 2916 Platonem
545 2852 679 2934 superare
696 2851 866 2934 poffumus?

181 2941 296 2999 evolve
320 2938 471 3019 diligenter
497 2933 560 3014 ejus
580 2955 647 3014 eum
667 2935 798 3005 librum,
820 2931 867 3015 qui

187 3016 228 3079 est
243 3019 281 3082 de
304 3020 402 3083 animo
419 3038 430 3095 3
444 3017 567 3100 amplius
588 3013 671 3099 quod
690 3014 865 3087 dosideres,
