2125 4067
323 478 476 575 Lrnun
504 495 754 568 quitatum
790 476 872 579 495

231 591 281 668 78.
301 592 355 655 His
370 615 418 655 aut
427 596 610 656 subtrahendi
621 595 683 657 sunt
692 600 741 672 ei,
756 593 785 656 in
796 612 873 677 quos

189 667 333 751 impetum
344 692 484 736 conantur
493 675 589 736 facere
600 721 610 750 ‚
626 677 693 737 dum
704 677 733 738 se
746 679 798 757 ipsi
809 675 872 737 colss

187 749 280 829 ligant
302 753 392 834 (quid
413 754 453 815 est
462 773 557 816 autem
569 755 596 815 se
610 756 699 836 ipsum
711 759 870 838 colligere,

188 832 246 888 nisi
258 833 405 912 dissipatas
421 837 507 894 animi
520 851 615 915 partes
627 838 734 895 rursum
745 839 774 894 in
789 836 873 896 suunt

187 909 292 969 locum
313 934 420 994 cogere
448 913 461 994 )
490 932 539 973 aut
562 914 682 995 rogandi
711 915 874 996 orandique

187 988 272 1063 suut,
287 1009 339 1066 ut,
358 997 381 1052 si
396 1014 482 1074 quam
496 995 605 1053 habent
617 993 772 1053 ulciscendi
786 997 846 1054 vim
858 1039 875 1071 ,

188 1067 323 1130 differant
338 1075 367 1130 in
384 1090 498 1154 tempus
519 1074 616 1147 aliud,
636 1074 704 1133 dum
722 1072 871 1134 deferves-

189 1166 235 1208 cat
248 1152 297 1209 ira.
318 1150 531 1214 Defetvescere
553 1171 651 1214 autem
671 1154 747 1213 cettd
762 1152 872 1234 signifi-

188 1247 235 1287 cat
254 1231 387 1292 ardorem
412 1235 500 1293 animi
515 1235 606 1294 inviti
627 1234 739 1293 ratione
760 1236 873 1293 excita·

188 1325 269 1368 tum:
293 1331 328 1370 ex
347 1333 405 1392 quo
424 1312 495 1384 illud
509 1313 638 1373 laudatur
647 1313 805 1394 Archytae,
821 1315 875 1394 qui

189 1409 277 1468 quum
299 1391 398 1452 villico
419 1392 507 1452 fadus
526 1392 595 1453 effet
614 1395 736 1464 itati0r3
760 1399 824 1473 Quo
844 1412 872 1453 te

188 1472 265 1528 modo
277 1514 287 1541 ,
297 1473 325 1529 in
348 1475 387 1530 uit
399 1517 410 1542 ,
421 1472 574 1552 acceprffem
585 1518 594 1546 ‚
606 1475 663 1532 nisi
672 1476 760 1532 iratus
770 1471 844 1552 effem
854 1471 872 1530 ἕ

228 1548 331 1608 ΧΧΧ
378 1550 424 1611 ΙΙ.
451 1551 514 1611 Ubi
534 1552 597 1611 sunt
624 1572 695 1633 ergo
717 1551 758 1611 isti
782 1597 791 1625 ‚
820 1555 873 1632 qui

186 1628 361 1689 iracundiam
373 1632 474 1691 utilem
486 1633 582 1692 dicunt
594 1632 606 1691 i
623 1629 718 1713 potest
727 1632 802 1691 utilis
811 1630 870 1694 effe

186 1709 318 1768 insania?
341 1711 402 1770 Aut
425 1711 583 1772 naturalem
606 1709 618 1768 i
646 1733 683 1772 an
709 1712 868 1795 quidquam

187 1786 244 1848 elle
261 1790 356 1869 potest
370 1791 525 1852 secundum
550 1808 708 1865 naturam,
731 1790 811 1874 quod
831 1796 869 1854 sit

187 1889 365 1951 repugnante
386 1872 525 1932 tatione?
549 1872 622 1952 Quo
640 1870 732 1932 modo
750 1890 868 1946 autem,

187 1952 210 2007 si
228 1951 361 2011 naturalis
376 1951 445 2012 effet
460 1955 525 2024 ita,
544 1968 592 2010 aut
608 1952 679 2012 alius
698 1951 754 2010 alio
775 1955 868 2033 magis

186 2031 337 2089 iracundus
357 2029 449 2102 effet3
468 2047 516 2089 aut
531 2028 620 2090 finem
636 2031 755 2089 habetet
769 2035 870 2111 prius3

186 2109 273 2189 quiam
303 2109 372 2171 esset
391 2111 472 2183 ulta,
497 2109 649 2170 ulciscendi
673 2109 788 2182 libid0;
817 2126 871 2169 aut

186 2209 360 2270 quemquam
380 2190 562 2270 poeniteret,
580 2188 661 2271 quod
689 2187 797 2248 fecisset
815 2210 870 2270 per

185 2271 280 2343 iram,
307 2287 339 2329 ut
361 2269 560 2330 Alexandrum
581 2289 682 2351 regem
702 2269 867 2344 videmus;
938 2332 942 2341 Ι

184 2352 234 2489 qni
249 2370 336 2432 quum
351 2347 535 2411 interemiss'et
551 2348 681 2424 Clitum,
696 2346 869 2411 familiarem
935 2344 938 2350 ‘

196 2450 266 2488 uum
281 2474 290 2500 ‚
308 2431 357 2489 vix
369 2453 384 2490 a
398 2430 427 2490 se
445 2451 546 2491 manus
564 2428 712 2490 abstinuit:
726 2447 805 2490 tanta
819 2434 867 2492 vis

185 2509 239 2569 fuit
253 2512 423 2589 poenitendi.
442 2511 558 2592 Quibus
574 2512 695 2593 cognitis
704 2554 716 2582 ,
731 2510 866 2591 quis-est,

185 2592 235 2669 qui
253 2589 385 2664 dubitet,
404 2595 472 2672 quin
494 2591 540 2650 hic
557 2610 675 2674 quoque
689 2606 785 2650 motus
804 2596 867 2653 ani·

185 2673 228 2730 mi
254 2672 289 2729 sit
313 2684 391 2728 totus
420 2672 572 2749 opinabilis
599 2693 633 2730 ac
659 2669 867 2729 voluntarius?

185 2750 248 2830 quis
277 2750 355 2810 enim
382 2748 541 2822 dubitarit,
569 2752 638 2830 quin
661 2749 866 2827 aegrotationes

184 2831 297 2902 animi,
314 2829 402 2909 qualis
421 2827 462 2888 est
477 2829 614 2899 avaritia,
635 2827 733 2906 glotiae
754 2827 867 2908 cupidi·

184 2928 244 2982 tas,
257 2929 293 2969 ex
310 2928 368 2982 eo,
386 2908 574 2989 qubd'magni
591 2904 742 2965 aestimetut
755 2926 790 2966 ea
801 2924 867 2980 res,¹

185 3008 223 3050 ex
234 3010 297 3071 ‚qua
317 2991 427 3049 animus
441 3004 598 3071 aegrotat,
616 2985 767 3051 oriantur?
786 2986 868 3051 unde
