2125 4067
248 503 332 603 '¹84
381 499 481 576 'Du
517 519 753 575 mnus

248 625 309 688 mal
323 668 335 697 ,
354 621 540 703 simulatque
556 622 592 681 sit
610 622 708 683 ortum
724 665 734 696 ‚
757 618 934 703 applicatum

249 703 307 766 effe
324 701 404 763 adse
421 701 619 786 diligendum
632 699 747 783 esseque
765 704 796 762 in
814 701 845 763 se
858 724 935 765 con·

246 782 390 845 servando
408 782 611 864 occupatum?
632 784 700 863 quin
718 783 816 864 potius
833 784 874 843 ica
892 785 935 845 di·

246 866 308 938 cis,
330 884 419 924 omne
439 865 545 925 animal
562 862 737 944 applicatum
751 861 809 925 effe
827 864 866 923 ad
881 865 935 939 id,

246 944 327 1028 quod
344 947 372 1005 in
387 965 424 1005 eo
438 947 474 1005 sit
490 944 656 1026 optimum,
671 944 702 1004 &
722 943 751 1002 in
769 941 834 1022 ejus
852 949 934 1006 unius

249 1042 423 1106 occupatum
441 1023 498 1086 effe
519 1023 664 1096 custodia,
682 1023 863 1105 reliquasque
881 1036 933 1086 ιη’-

249 1121 327 1166 tutas
344 1106 415 1166 nihil
428 1106 505 1166 aliud
523 1123 630 1188 agere,
648 1105 701 1163 uisi
720 1120 752 1162 ut
767 1104 800 1162 id
818 1104 932 1166 conser-

249 1203 344 1261 vent,
364 1186 444 1269 quod
461 1190 491 1247 in
509 1204 623 1266 quaque
639 1186 783 1264 optimum
801 1185 860 1245 sit?
875 1190 933 1266 qui»

246 1267 341 1329 modo
363 1286 460 1327 autem
472 1270 615 1388 outimum
626 1309 636 1338 ‚
649 1267 672 1324 si
686 1266 799 1325 bonum
818 1285 935 1346 prater·

248 1367 284 1408 ca
308 1347 417 1407 nullum
439 1344 501 1406 est.
537 1350 560 1406 si
581 1363 679 1405 autem
706 1346 817 1424 reliqua
840 1367 934 1428 appe-

248 1428 338 1488 tenda
356 1426 418 1485 sunt
432 1470 441 1499 ‚
459 1447 524 1500 cur,
564 1426 622 1485 uod
636 1423 677 1485 est
691 1425 824 1485 ultimum
837 1446 933 1487 rerum

247 1506 506 1588 appetendarum,
529 1447 563 1566 ii
587 1528 648 1566 non
669 1521 716 1564 aut
739 1525 775 1566 ex
804 1510 935 1568 omnium

232 1580 368 1659 ¹barum,
387 1603 434 1646 aut
450 1606 486 1648 ex
496 1586 682 1667 plurimarum
699 1587 730 1645 &
745 1589 934 1648 maximarum

221 1665 232 1679 ⁴
243 1665 429 1749 'appetitione
446 1668 627 1728 concluditur
638 1667 649 1726 ?
660 1666 703 1726 Ut
711 1665 826 1727 Phidias
842 1666 932 1749 potest

251 1769 271 1807 a
287 1749 382 1829 primo
398 1746 544 1810 instituere
562 1751 694 1830 signum,
710 1747 799 1829 idque
812 1747 934 1828 perfice·

252 1848 306 1900 re;
327 1827 421 1908 potest
439 1829 475 1888 ab
494 1831 551 1889 alio
569 1830 736 1889 inchoatum
753 1829 934 1909 accipere&

251 1907 425 1969 absolvere:
444 1911 508 1969 huic
530 1908 570 1971 est
585 1909 721 1990 sapientia
739 1910 856 1968 similis:
876 1930 934 1970 non

251 1990 330 2051 enim
354 1990 412 2071 ipsa
438 1994 537 2072 genuit
561 1992 732 2060 hominem,
753 1987 804 2047 scd
825 1991 933 2070 accepit

249 2091 268 2130 a
286 2088 387 2129 natura
401 2074 589 2143 inchoatum
609 2070 681 2127 hanc
695 2071 830 2142 intuens,
847 2068 933 2130 debet

249 2149 409 2211 institutum
422 2151 492 2211 iliud
504 2196 513 2224 ‚
525 2153 606 2230 quasi
628 2152 740 2230 signum
750 2194 760 2222 ,
772 2149 934 2210 absolvere.

291 2248 340 2312 35.
395 2232 490 2292 nalem
507 2234 591 2314 igitur
606 2247 705 2288 natura
718 2229 870 2290 hominem
886 2233 934 2290 iu·

247 2310 386 2372 choavit.
413 2312 539 2395 &quod
558 2309 599 2374 est
615 2324 717 2369 munus
733 2353 743 2382 ‚
762 2309 844 2391 quod
856 2331 876 2370 ο
898 2332 931 2371 us

250 2388 421 2468 sapientiae?
462 2393 511 2452 uid
529 2391 591 2462 est,
614 2391 694 2470 quod
713 2391 750 2450 ab
767 2410 803 2450 ea
824 2391 861 2451 ab
874 2391 935 2450 olvi

248 2466 400 2546 &perfici
419 2470 454 2529 de
477 2490 523 2531 eat
541 2470 601 2529 ?·Si
622 2472 692 2530 nihil
707 2472 736 2530 in
758 2491 797 2530 eo
817 2469 935 2552 quidem

247 2545 459 2629 perficiendum
484 2548 552 2620 est,
572 2567 676 2630 praeter
694 2568 809 2613 motum
828 2552 934 2635 ingenii

245 2627 425 2708 quemdam,
442 2627 472 2686 id
488 2627 550 2702 est,
565 2631 730 2704 rationem,
746 2629 860 2692 necesse
876 2629 934 2704 est,

246 2708 314 2768 huic
333 2709 465 2768 ultimum
484 2707 541 2769 effe
559 2753 569 2783 ‚
587 2730 622 2770 ex
639 2713 747 2771 virtute
768 2713 860 2777 vitam
881 2710 936 2771 fin·

247 2807 342 2870 gere3
366 2790 485 2849 rationis
503 2792 580 2850 enim
599 2790 739 2870 perfeciio
764 2789 805 2852 est
826 2794 939 2853 virtus:

249 2871 274 2929 si
296 2869 386 2944 nihil,
407 2871 461 2931 nisi
483 2891 609 2952 corpus,
628 2869 738 2931 summa
761 2889 846 2934 erunt
868 2873 941 2946 illa,

247 2950 410 3024 valetudo,
424 2952 554 3012 vacuitas
572 2952 680 3011 doloris
697 2997 707 3026 ‚
750 2953 937 3027 ulchricudo,

248 3026 283 3087 δι
300 3046 414 3091 cetera:
433 3051 509 3093 nunc
526 3031 563 3094 de
578 3032 703 3094 hominis
722 2973 835 3095 &mmo
847 3034 937 3098 bono

247 3110 403 3188 quaritur
