2125 4067
234 508 240 539 ·.
278 470 432 545 erra
460 487 708 557 ernws.
753 489 833 569 495

149 583 319 665 proclivior.
338 584 517 649 inveteratio
541 601 659 661 autem,
681 604 713 648 ut
726 589 756 648 in
765 610 834 649 cot·

174 667 293 736 oribus,
319 687 344 724 ae
366 670 422 727 rius
441 667 596 747 depellitur
612 668 699 747 quim
716 686 834 749 pertur-

146 686 255 818 latim
274 688 411 826 cititspoe
428 747 594 827 repentinus
610 749 762 809 oculorum
784 767 833 809 tu·

147 845 218 963 mplr
231 825 359 898 sanatur,
374 825 462 906 quim
479 827 612 887 diuturna
623 827 764 908 lippitudo
780 829 834 890 de·

173 925 188 965 e
212 924 275 964 itur.
515 939 522 947 ‚

146 925 409 1046 pXXXVIII.
436 981 495 1044 Sed
527 982 645 1063 cogniti
667 981 726 1061 jam
745 987 830 1048 causi

144 1065 417 1153 perturbationum,
436 1085 500 1145 quae
521 1083 625 1124 omnes
645 1067 774 1125 oriuntur
792 1086 830 1133 eit

143 1145 259 1234 pudiciis
282 1146 454 1225 opinionum
481 1143 514 1204 δι
540 1143 764 1219 voluntatibus,
794 1148 830 1207 sit

143 1245 206 1305 Jam
223 1223 306 1303 hujus
325 1223 524 1305 disputationis
542 1223 659 1284 modus.
680 1223 760 1286 Scire
778 1246 830 1284 au·

144 1321 207 1366 tem
223 1327 277 1367 nos
293 1321 430 1385 oportet,
444 1305 588 1386 cognitis,
603 1304 701 1384 quoad
715 1302 830 1384 possunt

143 1385 182 1445 ab
201 1385 319 1446 homine
339 1384 496 1466 cognosci,
516 1384 664 1444 honorum
683 1384 715 1444 dt
735 1385 831 1445 malo·

142 1486 208 1527 rum
221 1466 344 1537 finibus,
362 1465 464 1524 nihila
486 1463 666 1544 philosophia
683 1463 829 1545 polleant

142 1543 236 1624 majus
253 1561 301 1606 aut
316 1545 412 1605 utilius
430 1546 547 1624 optari,
564 1544 652 1682 purim
668 1545 747 1618 haec,
762 1565 827 1627 quae

140 1647 159 1684 a
183 1628 269 1689 nobis
293 1626 352 1685 hoc
382 1625 535 1705 quatriduo
586 1623 705 1701 isputata
731 1624 824 1687 sunt:

140 1722 238 1768 morte
252 1707 333 1767 enim
350 1704 538 1844 contempti,
558 1705 590 1766 bt
604 1704 708 1766 dolore
722 1705 759 1765 ad
772 1726 826 1786 pa·

139 1786 271 1846 tiendum
296 1786 417 1860 levato,
440 1807 456 1844 a
478 1782 620 1862 junximus
642 1785 824 1847 sedationem

139 1867 314 1948 agritudinis
337 1885 347 1937 ;
371 1866 428 1953 qud
446 1865 557 1924 nullum
579 1865 692 1924 homini
713 1866 822 1926 malum

139 1944 232 2025 majus
253 1945 303 2007 est.
321 1944 383 2004 Etsi
404 1947 481 2005 enim
499 1944 594 2004 omnis
611 1947 699 2004 animi
734 1962 825 2005 etrur-

138 2026 219 2087 batio
242 2027 338 2109 gravis
366 2021 428 2098 est,
449 2043 503 2082 nec
528 2023 649 2082 multltm
673 1967 768 2083 ditlert
786 2025 824 2084 ab

138 2109 266 2167 amentia
285 2150 295 2180 ,
322 2120 421 2167 tamen
439 2105 477 2165 ita
496 2120 636 2175 ceteros,
660 2123 750 2184 quum
767 2106 824 2165 sint

137 2187 168 2244 in
192 2188 287 2268 aliqua
310 2183 529 2265 perturbatione
556 2197 607 2247 aut
629 2182 746 2256 mettis,
772 2199 822 2243 aut

136 2267 242 2328 laetitiae
256 2311 266 2340 ,
279 2282 327 2326 aut
345 2263 508 2345 cupiditatis
515 2302 538 2344 ,1
551 2277 720 2325 commotos
728 2263 821 2324 modb

139 2347 173 2407 ὃ(
198 2345 380 2428 perturbatos
403 2344 501 2407 dicere
527 2341 674 2417 solemus,
692 2360 721 2402 at
743 2363 823 2418 eos,
863 2344 866 2350 '

136 2429 186 2507 qui
205 2427 233 2490 se
258 2424 428 2509 aegrit‘udini·
446 2421 656 2501 dediderunt,
676 2421 820 2500 miseros,

118 2509 122 2515 ’
136 2506 274 2582 afflislos,
288 2503 463 2569 aerumnosos
476 2548 487 2579 ,
500 2501 691 2567 calamitosos.

178 2586 228 2667 83.
243 2586 416 2668 Itaquenon
433 2584 555 2651 fortuiti>
568 2583 674 2649 fadum
685 2583 822 2655 videtur;

134 2666 186 2728 sed
203 2691 219 2728 a
238 2685 269 2728 te
287 2668 399 2726 ratione
419 2669 630 2757 propositum,
653 2682 685 2725 ut
700 2665 818 2742 separa-

133 2749 189 2808 rim
207 2749 244 2809 de
258 2745 424 2828 aegritudine
444 2747 477 2805 &
497 2746 534 2805 de
548 2747 651 2805 ceteris
665 2743 817 2824 perturba-

133 2830 260 2888 tionibus
291 2823 496 2905 disputaremus
520 2844 528 2882 :
556 2827 585 2883 in
612 2843 647 2882 ea
672 2820 712 2881 est
739 2823 817 2880 enim

132 2908 202 2968 sons
219 2907 395 2970 miseriarum
416 2904 448 2964 dt
463 2918 559 2982 caput.
579 2901 689 2962 Sed&
705 2902 819 2982 aegritu·

134 2988 209 3048 dinis
229 2986 453 3065 &reliquorum
468 2985 555 3044 animi
570 2982 743 3045 morborum
761 3000 819 3042 una
