2125 4067
260 536 315 628 44
408 531 488 603 Da
530 512 802 604 sturnus³

258 646 364 786 rupte3
378 667 479 710 nonne
489 647 517 709 ei
529 651 684 709 maximam
695 650 815 733 gratiam
831 646 946 721 haliere

249 725 297 787 ¹de
318 744 422 805 emus,
442 731 490 810 qui
504 728 557 787 hac
571 730 703 790 exauditi
717 732 797 813 quasi
807 746 946 798 vocene·

250 815 348 881 rurae,
366 810 406 868 sic
424 807 587 880 eamfirme
640 812 791 892 aviterque
804 812 944 893 compre}

250 885 410 964 henderit,
431 906 462 950 ut
482 908 587 950 omnes
628 910 683 951 ene
704 890 787 959 sanos
809 893 840 951 in
864 893 942 953 riam

258 985 369 1047 pacatae
386 1013 396 1043 ,
416 970 596 1052 tranquillae.
617 972 742 1052 quietae,
760 971 856 1031 beatae
874 974 943 1033 vita

259 1047 443 1110 deduceret?
465 1053 514 1132 qui
532 1049 612 1131 qubd
629 1051 681 1110 tibi
702 1058 802 1130 parum
824 1051 944 1112 videtur

258 1128 404 1204 eruditus,
422 1151 457 1191 ea
473 1129 554 1190 causa
571 1128 631 1204 est,
648 1131 728 1212 quod
744 1132 854 1203 nullam
875 1151 944 1192 eru·

258 1208 400 1269 ditionem
416 1208 471 1269 else
486 1210 590 1282 duxit,
611 1213 664 1270 nisi
682 1231 745 1294 quae
761 1212 856 1272 beatae
873 1215 942 1274 vitae

259 1287 435 1369 disciplinam
451 1288 574 1359 iuvaret.
841 1364 843 1371 Ι
919 1324 935 1365 ,-

294 1387 345 1442 72.
358 1369 420 1430 ·An
435 1370 484 1430 ille
500 1387 561 1430 tem
582 1390 617 1445 ,us
633 1385 681 1429 aut
697 1372 727 1429 io
742 1370 837 1452 poe'cis
852 1368 942 1432 evol'·

259 1448 385 1522 vendis,
401 1466 432 1509 ut
442 1470 500 1532 ego
513 1451 546 1510 δι
592 1451 709 1523 riarius,
727 1465 758 1510 te
769 1452 943 1525 hortatore,

256 1525 396 1598 facimus,
413 1529 616 1591 consumeret?
633 1533 663 1590 in
678 1530 779 1610 quibus
798 1531 879 1590 nulla
889 1531 942 1591 so·

257 1605 316 1667 lida
334 1610 463 1685 utilitas,
483 1610 634 1691 omnisque
649 1610 764 1691 puerilis
783 1609 824 1670 est
840 1611 942 1672 delec-

258 1690 347 1748 tatio:
366 1706 413 1749 aut
423 1691 473 1765 se,
492 1709 523 1750 ut
543 1690 646 1764 Plato,
667 1693 695 1749 io
713 1692 846 1765 musicis,
866 1712 941 1774 geo·

258 1772 383 1841 metria,
401 1774 548 1845 numeris,
565 1770 642 1830 astris
661 1788 829 1841 contereret
839 1774 857 1831 ἓ·
874 1794 941 1854 que

258 1849 292 1909 &
310 1871 327 1908 a
346 1848 422 1909 salsis
440 1854 525 1912 initiis
545 1850 695 1931 profesia,
716 1871 786 1912 vera
803 1849 860 1913 esse
878 1874 941 1931 nou

252 1926 373 2010 possunt
379 1951 391 2005 3
403 1932 453 2006 dc,
464 1934 488 1992 si
501 1930 591 1993 essent
607 1952 694 2005 vera,
706 1932 776 1991 nihil
788 1930 942 2008 afferrent,

256 2029 317 2089 quo
334 2010 507 2089 jucundius,
523 2013 554 2072 id
569 2010 629 2085 est,
647 2033 707 2092 quo
718 2012 839 2085 melius,
856 2015 941 2090 vive·

253 2108 371 2149 remus:
390 2111 437 2150 eas
453 2112 525 2174 ergo
542 2106 615 2152 artes
636 2091 853 2174 persequeretur
864 2114 874 2167 ;
884 2097 940 2169 ‚vi-

253 2170 344 2230 vendi
361 2189 453 2232 artem
468 2188 576 2232 tantam
593 2217 602 2244 ‚
622 2183 740 2252 tamque
758 2173 941 2252 operosam,

258 2250 291 2311 δι
317 2252 438 2333 perinde
457 2250 629 2314 fruuuosam
646 2253 820 2334 relinqueret
833 2253 844 2311 ἓ
859 2253 939 2316 ¹Noa

252 2344 328 2411 ‘ergo
348 2332 484 2413 Epicurus
504 2335 661 2396 ineruditus
678 2355 687 2403 ;
706 2333 755 2393 sed
772 2335 791 2391 ii
808 2333 938 2411 indosli,

256 2414 326 2489 qui,
349 2433 412 2490 quae
430 2434 537 2493 pueros
555 2435 616 2472 non
633 2411 758 2472 didicisse
775 2431 820 2472 tur
843 2433 859 2472 e
877 2414 941 2490 eil,

240 2508 292 2564 *ea
316 2508 419 2568 putent
445 2492 532 2572 usque
553 2495 590 2551 ad
608 2491 784 2552 senedutcm
801 2435 858 2554 ede
876 2495 940 2554 dis·

255 2569 358 2628 cenda.
374 2569 450 2650 Quae
466 2592 555 2653 quum
568 2570 694 2650 dixisset,
709 2572 876 2653 Explicavi,
892 2578 939 2634 in·

257 2650 318 2729 quit
337 2694 347 2722 ,
368 2649 537 2714 sententiam
559 2672 680 2725 meam,
703 2653 735 2712 ὃ(
757 2673 795 2713 eo
819 2655 937 2734 quidem

253 2731 402 2803 consilio,
415 2748 495 2792 tuum
515 2731 651 2811 judicium
661 2749 693 2792 ut
710 2732 936 2814 cognoscerema

257 2831 322 2892 quae
340 2813 409 2872 mihi
426 2812 565 2887 facultas,
581 2830 613 2872 ut
628 2813 658 2872 id
675 2833 742 2874 meo
753 2813 888 2874 arbitratu
900 2812 939 2876 fa·

239 2911 353 3032 ,aerem
371 2939 381 2970 ,
402 2909 468 2957 ante
491 2894 549 2959 hoc
574 2911 689 2980 tempus
711 2913 870 2980 numquam
897 2895 939 2960 est

277 2988 332 3036 ata.
