2125 4067
318 369 471 438 Lrarrt
505 383 737 454 omicron.
787 387 864 462 499

181 480 285 555 sisser,
299 483 413 542 animos
430 502 548 565 quoque
570 482 683 542 dederit
705 483 738 544 δι
754 504 868 565 corpo·

182 583 249 622 rum
267 562 417 623 doloribus
434 578 625 644 congruentes
639 607 648 635 ,
664 562 696 623 δι
714 564 868 645 separatim

181 640 239 705 suis
255 643 412 724 angoribus
432 643 464 702 ὃ(
482 640 619 703 molestiis
635 643 808 721 implicatos.

225 743 255 796 4.
271 721 331 782 Sed
347 723 376 780 in
396 721 454 782 hoc
473 741 522 781 me
549 720 607 803 ipse
626 718 690 780 casti
711 744 759 795 o,
784 724 867 805 qubd

179 820 224 862 ει
243 802 364 862 aliorum
378 800 413 860 δι
431 821 468 862 ex
485 798 581 861 nostra
597 799 672 861 forta
695 821 711 861 e
725 804 865 877 mollitia,

174 894 246 943 'non
274 901 311 942 ex
338 878 397 940 isa
418 884 547 954 virtute,
572 880 609 940 de
631 883 743 941 virtutis
761 883 868 944 robore

181 959 327 1023 existimo.
344 901 397 1021 iila
411 963 510 1035 enim,
530 964 553 1020 si
569 960 660 1020 modi>
681 958 721 1019 est
736 961 794 1021 ulla
809 964 870 1022 vir·

180 1058 251 1116 tus,
272 1062 359 1124 quam
380 1042 590 1101 dubitationem
607 1040 763 1101 avunculus
783 1058 871 1117 tuus,

182 1120 294 1196 Brute,
308 1120 435 1197 sustulit,
450 1123 570 1195 omnia,
584 1140 646 1201 quae
657 1121 761 1181 cadere
774 1123 803 1181 in
816 1123 870 1180 ho·

181 1204 294 1264 minem
319 1201 457 1284 poffunt,
481 1200 588 1262 subter·
599 1201 628 1262 se
646 1201 755 1275 habet3
775 1218 870 1284 eaque

180 1281 344 1363 despiciens
362 1281 439 1342 casus
453 1283 792 1365 contemnitlhumanos3
810 1283 871 1342 cul·

182 1364 284 1446 piique,
312 1367 392 1423 omni
415 1383 538 1436 carens,
563 1375 670 1442 praeter
695 1361 831 1444 seipsam
855 1406 869 1434 ,

182 1440 264 1507 nihil'
278 1442 374 1504 censet
398 1443 435 1501 ad
448 1440 481 1502 'se
507 1445 662 1522 pertinere.
684 1441 748 1503 Nos
772 1458 869 1502 autem

180 1525 286 1587 omnia
308 1521 428 1583 adversa
453 1538 516 1582 tum
544 1523 689 1582 venientia
710 1537 789 1583 metu
812 1544 869 1582 au·

181 1619 317 1688 gentes,
344 1620 404 1663 tum
429 1621 556 1662 moerore
583 1601 751 1682 praesentia,
772 1621 869 1663 rerum

181 1702 340 1756 naturam,
357 1682 442 1766 quim
464 1702 594 1744 errorem
613 1680 766 1756 nostrum,
786 1682 870 1744 dam·

180 1763 256 1827 aare
269 1765 421 1824 malumus.
718 1780 733 1803 ·³

182 1870 194 1879 ··
225 1842 271 1904 Π.
290 1842 351 1904 sod
371 1844 403 1904 δι
429 1840 515 1922 hujus
541 1843 634 1922 cuip'ae'
653 1841 685 1901 δί
704 1850 873 1903 ceterorum-

182 1923 325 1989 ?ei'tiorum
337 1937 581 2004 peccatorumque
597 1919 760 1980 nostrorum
773 1923 870 1982 omnis

180 1998 204 2067 i
218 2001 401 2091 philosophia
415 2001 544 2081 petenda
560 1998 701 2060 comedin
717 1999 757 2060 est
768 1998 891 2078 :cujus

180 2084 217 2145 in
239 2087 333 2143 sinum
346 2100 434 2163 quum
452 2101 468 2139 a
485 2081 585 2161 primis
601 2080 780 2158 temporibus
796 2094 871 2147 ata,-

185 2162 225 2225 iis
240 2163 335 2223 nostra
354 2163 490 2222 voluntas
511 2158 690 2238 studiumque
709 2179 762 2218 nos
783 2180 871 2218 com-

185 2243 322 2328 puliffet,
342 2244 384 2302 his
407 2242 580 2325 gravissimis
599 2239 710 2299 casibus
734 2241 763 2297 in
785 2259 872 2299 eum·

185 2325 258 2386 dem
285 2340 432 2406 portum,
465 2342 501 2382 ex
544 2342 583 2380 uo
606 2340 718 2380 eramus
738 2323 870 2401 egressi,

184 2406 296 2489 magni
315 2403 410 2484 jadiati
430 2342 600 2481 tempedtate
622 2399 813 2482 confugimus.
837 2399 870 2462 0

184 2484 454 2566 vitaephilosophia
476 2482 556 2542 dux!
575 2482 594 2541 ὃ
616 2484 725 2544 virtutis
743 2480 868 2561 indaga-

185 2558 245 2627 trix
266 2566 440 2645 ,texpultrix
462 2583 499 2624 ue
513 2565 686 2622 uitiorum!
714 2562 784 2641 quid
810 2581 873 2620 non

187 2645 283 2708 modi>
306 2664 389 2721 nos,
414 2585 463 2701 sed
492 2645 614 2720 omnino
637 2644 697 2702 vita
718 2641 872 2701 hominum

187 2729 296 2786 sinete
315 2721 372 2783 effe
390 2719 524 2804 potuiffet
541 2721 552 2780 i
568 2736 599 2780 tu
621 2720 706 2779 urbes
718 2717 872 2800 peperisti:

186 2823 222 2867 tu
245 2804 396 2885 dissipatos
414 2803 547 2861 homines
569 2802 598 2860 in
616 2799 784 2860 societatem
803 2801 871 2858 vitae

189 2884 379 2951 convocasti:
401 2898 434 2944 tu
452 2901 506 2945 eos
522 2884 597 2945 inter
618 2879 646 2943 se
664 2879 759 2963 primi)
775 2877 874 2948 domi-J·
