2125 4067
182 524 260 600 ‘218
345 524 420 595 Du
454 540 694 595 rruruus

184 644 301 723 po'e'tae,
322 637 447 711 musici,
469 637 575 699 medici
595 638 723 721 denique
742 659 779 701 ex
798 639 877 718 hnc,⁴

183 738 331 861 qum
343 738 381 778 eu
396 720 529 779 omnium
541 720 645 781 eruum
660 714 796 795 officina,
807 728 878 804 pro'·
927 768 929 773 -

198 820 216 861 e
280 815 343 859 unt.

228 876 259 940 8.
283 876 334 939 Ad
370 899 414 939 uae
428 897 508 961 ego,
523 876 586 939 Scis
602 897 671 953 me,
685 881 826 962 inquam,
841 883 877 942 is·

185 959 240 1021 tud
257 958 335 1021 idem
350 898 456 1019 sentire
472 1003 483 1033 ,
500 956 564 1021 Piso
581 979 589 1018 s
610 959 661 1020 sed
680 982 697 1019 a
714 978 745 1022 te
764 983 877 1043 oppor-

186 1040 256 1101 mne
273 1040 385 1101 mentio
402 1037 532 1101 sasiaest
551 1060 559 1100 ι
585 1038 680 1111 studet
697 1044 779 1102 euim
795 1062 875 1103 meus

186 1120 287 1183 audite
305 1118 436 1193 -Cicero',
447 1138 580 1202 qssaenam
592 1122 634 1181 sit
651 1118 729 1181 iiiitts
743 1125 876 1197 ueteris,
913 1200 916 1207 Ι

187 1222 277 1283 quam
295 1220 508 1263 commemoras
524 1246 535 1275 ,
558 1198 729 1262 Acadenriae
745 1201 790 1264 -de
808 1202 874 1263 fini·

187 1284 244 1343 hus
269 1282 416 1343 honorum
434 1325 444 1355 ‚
467 1278 727 1365 Peripateticorum
770 1303 787 1343 e
811 1283 876 1343 sen·

188 1363 297 1424 tentia:
316 1360 463 1423 censemus
476 1379 573 1422 autem
584 1379 614 1423 te
625 1360 741 1422 facillim
778 1362 809 1422 id
827 1382 874 1423 eu·
908 1386 911 1393 ¹

188 1443 306 1523 pianare
322 1439 425 1523 posi'e,
439 1442 519 1522 quhd
534 1442 567 1503 δι
585 1440 714 1503 Staseam
727 1440 874 1524 Neipoii·

189 1540 291 1584 tanum
305 1523 413 1583 multos
429 1543 520 1582 annos
537 1522 669 1582 habueris
687 1522 768 1604 apud
781 1540 831 1597 te,
842 1522 873 1584 δι

187 1602 357 1682 complures
378 1600 438 1681 jam
457 1601 570 1663 menses
589 1603 715 1663 Athenis
731 1603 795 1663 haec
816 1602 874 1700 ipsa

189 1701 222 1743 te
241 1702 277 1744 ex
288 1682 437 1743 Antiocho
451 1683 584 1743 uidemus
593 1684 758 1764 exquirere.
775 1682 814 1745 Et
828 1684 873 1743 iiie

191 1762 306 1837 ridens,
325 1762 352 1825 Α
375 1781 392 1824 e
409 1782 483 1843 age,
501 1764 611 1844 inquit:
628 1763 693 1824 satit
710 1765 793 1825 enim
808 1760 875 1825 scith

192 1861 243 1905 me
258 1841 346 1903 nostri
355 1783 498 1905 immonis
536 1840 876 1925 rincipiumessevoiuis·

192 1928 234 1985 ti:
258 1942 437 2005 “ponamus
457 1924 495 1985 ad
526 1923 656 1999 escenti,
674 1923 697 1983 si
762 1946 780 1985 a
802 1922 875 1985 forth

193 2002 363 2087 possumus:
387 2004 437 2065 dat
461 2007 538 2066 enim
561 2004 593 2065 id
613 2004 709 2065 nobis·
730 2005 872 2065 oiitudo:

195 2085 277 2168 quod
298 2089 321 2146 si
332 2087 395 2166 quis
412 2086 482 2146 deus
497 2085 629 2158 diceret,
645 2105 806 2166 numquam
820 2105 874 2167 pu·

195 2184 307 2240 tarem,
325 2186 374 2227 me
389 2168 417 2224 in
429 2165 590 2225 Academia
600 2210 610 2237 ,
620 2181 770 2246 tamquam
782 2165 876 2247 philo·

184 2247 337 2328 sophum,
348 2244 553 2327 disputaturum
565 2266 573 2304 t
584 2245 635 2306 sed
651 2264 709 2319 ue,
727 2245 797 2306 dum
811 2247 876 2306 huic

196 2328 361 2408 obsequor,
378 2327 463 2387 vobis
477 2327 614 2387 melesius
631 2327 695 2386 sinu
715 2324 812 2399 Mihi,
830 2329 876 2385 iu·

195 2428 310 2486 quam,
358 2409 387 2465 ui
412 2423 441 2467 te
462 2407 494 2465 id
517 2405 609 2487 ipsum
636 2407 740 2486 rogavi
757 2404 770 2466 i
796 2404 874 2479 Tum

196 2486 324 2564 Quintus
337 2428 375 2545 <hc
390 2483 569 2565 Pourponius
581 2506 670 2566 quum
680 2483 798 2547 idemfe
810 2486 874 2547 vel·

197 2566 225 2625 le
237 2563 581 2638 dixissent,Pisocxorsus
592 2565 647 2626 est:
663 2563 744 2644 cuius
762 2569 875 2640 oratio,
928 2598 930 2603 ·

192 2644 312 2707 attende
322 2643 532 2726 quaeso,Brute
543 2645 659 2718 ‚satisne
669 2645 804 2709 videatur
813 2646 874 2709 An-

194 2726 285 2797 tiochi
299 2725 452 2806 complexa
463 2724 519 2787 esse
530 2725 720 2799 sententiam
734 2748 822 2808 quam
835 2728 874 2787 ti-

195 2809 244 2881 hi,
256 2809 304 2890 qui
314 2806 432 2867 fratrem
442 2804 504 2886 ejus
514 2805 640 2867 Aristum
650 2805 819 2946 stepuenter
832 2828 878 2868 au·

194 2890 281 2950 dieris
296 2887 449 2963 „maximi
468 2889 621 2969 probatam
643 2889 689 2948 exi
715 2889 787 2948 imo.

232 2969 292 3030 IV.
316 2968 363 3031 Sic
377 2967 417 3030 est
431 2971 516 3050 igitur
535 2969 658 3030 locutus.
669 2967 809 3047 Quantus
825 2989 876 3030 or·

193 3066 278 3114 muts
301 3053 333 3112 in
357 3048 616 3132 Peripateticorum
639 3047 788 3149 disciplina
810 3050 878 3127 sit,
