2125 4067
261 531 436 609 basan
464 545 681 609 paruas.
739 546 816 633 293

137 649 204 714 nihil
219 657 283 716 e'rit.
301 656 342 715 A.
356 655 426 716 Feci
444 653 629 727 mehercule,
649 653 681 713 &
698 654 819 735 quidem

135 733 169 792 sae
193 737 235 795 ius
249 757 256 794 ε
272 735 326 796 ‘sed
337 735 433 795 nescio
469 755 508 793 uo
520 732 633 807 modo,
646 734 713 794 dum
725 735 816 816 lego,-

134 757 294 886 assbntion
312 836 400 895 quum
414 756 495 893 ‘pobi
513 813 640 885 librum,
657 814 689 874 &
700 829 818 874 mecum

134 893 198 971 ipse
210 894 246 953 de
256 893 472 953 immortalitate
482 893 644 951 animorum
656 914 671 951 c
690 903 695 911 '
716 897 728 953 i
739 896 818 988 cogi·

136 988 201 1030 tare
214 1016 223 1043 ‚
239 970 359 1033 affensio
373 974 466 1033 omnis
477 971 525 1030 illa
538 915 720 1032 elabinrbb
732 972 817 1052 Quid

135 1051 197 1111 hoc
209 1052 220 1110 ?
234 1052 320 1113 dasne
329 1071 384 1115 ¹aut
400 1071 518 1111 manere
532 1051 645 1109 animos
662 1051 725 1131 post
738 1074 820 1112 mot·

136 1148 226 1206 tem,
249 1150 298 1193 aut
326 1150 422 1193 morte
445 1129 505 1212 ipsis
534 1131 680 1190 interire?
705 1129 742 1190 A.
764 1129 820 1191 Do
907 1181 910 1187 .

135 1213 220 1272 verb.
239 1212 284 1272 M.
306 1211 415 1291 Quid,
438 1213 461 1270 si
479 1207 641 1270 maneant?
657 1209 695 1269 A.
713 1210 821 1271 Beatos

136 1290 194 1351 effe
212 1293 356 1353 concedo.
381 1291 425 1352 M.
448 1290 478 1352 Si
500 1291 668 1351 intereant?
686 1289 726 1351 A.
747 1290 821 1351 Non

137 1369 195 1431 effe
214 1373 355 1446 miseros,
397 1374 516 1433 uoniam
543 1389 582 1431 ne
602 1372 657 1430 sint
679 1371 821 1452 quideme

135 1449 197 1530 jam
214 1451 304 1524 istuc,
326 1470 379 1513 coa
407 1455 518 1525 iate,
546 1451 634 1531 paulb
656 1452 722 1512 ante
742 1473 819 1513 con·

136 1535 285 1592 cessimus.
312 1532 356 1592 M.
378 1531 452 1611 Quo
477 1531 570 1591 rnodo
589 1532 673 1612 igitur
697 1550 819 1593 auteur

135 1630 267 1672 mortem
282 1613 387 1672 malum
405 1614 457 1673 tibi
472 1611 564 1673 videti
579 1610 673 1685 dicis,
690 1634 753 1695 quae
767 1629 818 1674 aut

135 1691 240 1752 beatos
257 1714 311 1753 nos
333 1690 459 1767 efficiet,
488 1693 589 1750 animis
603 1695 786 1756 manentibus
805 1732 817 1768 ,

136 1788 185 1832 aut
204 1792 264 1834 non
282 1772 423 1846 miseros,
439 1771 517 1833 sensu
531 1772 684 1832 carentes?

181 1873 226 1912 12.
246 1858 285 1914 A.
307 1852 430 1934 Expone
451 1855 557 1935 igitur,
586 1855 640 1912 nisi
661 1849 817 1912 molestum

137 1928 199 2004 est,
220 1934 343 2013 primitm
361 1935 493 2005 animos,
508 1936 531 1991 si
541 1948 648 2010 potes,
664 1950 817 1991 remanere

135 2009 202 2090 post
218 2030 366 2083 mortem3
381 2029 464 2085 tum,
482 2014 505 2069 si
520 2013 614 2070 minbs
628 2009 659 2068 id
672 2011 820 2070 obtinebis

134 2087 205 2172 (est
221 2093 299 2150 enirn
317 2091 462 2163 arduum)
486 2089 605 2151 docebis
618 2109 716 2149 carere
736 2091 819 2148 omni

135 2168 218 2231 malo
246 2187 402 2231 mortem:
434 2184 491 2251 ego
519 2173 598 2229 enim
626 2167 696 2228 istuc
726 2166 820 2247 ipsum

134 2269 269 2324 vereor,
287 2270 326 2310 ne
346 2250 454 2308 malum
474 2251 532 2322 sit,
562 2270 623 2307 non
640 2248 706 2306 dico
721 2268 821 2308 catere

134 2327 240 2403 sensu,
257 2331 307 2391 sed
321 2330 476 2390 carendum
494 2325 561 2389 esse.
580 2326 626 2387 M.
644 2326 820 2406 Auiioribus

135 2410 255 2489 quidem
286 2411 324 2470 ad
347 2409 428 2470 istam
447 2409 643 2479 sententiam,
663 2428 749 2489 quant
773 2411 819 2468 vis

136 2491 283 2565 obtineri,
303 2491 345 2550 uti
363 2491 480 2572 optimis
499 2487 645 2569 possumus
656 2509 666 2561 ;
687 2489 767 2570 qubd
786 2492 819 2550 in

137 2571 270 2630 omnibus
289 2573 380 2632 causis
403 2572 436 2632 &
454 2571 544 2631 debet
565 2571 598 2630 &
625 2568 699 2630 solet
716 2570 819 2630 valere

135 2650 306 2730 plurimbtn:
325 2651 358 2710 &
375 2654 500 2731 primbm
515 2653 633 2732 quidem
647 2653 729 2710 omni
743 2650 821 2709 anti·

156 2733 268 2800 uitate3
287 2750 351 2808 quae
369 2731 428 2808 qub
446 2732 565 2808 propibs
580 2731 679 2788 aberat
696 2728 732 2787 ab
751 2743 819 2789 ortu

134 2751 172 2869 Aa
195 2809 292 2866 divina
318 2809 458 2886 progenie
476 2850 487 2879 ‚
512 2808 571 2866 hbe
583 2809 686 2867 meiibs
703 2826 739 2867 ea
754 2804 821 2872 fot-2

122 2885 226 2959 saise,
248 2906 312 3024 qluae
333 2902 413 2945 erant
434 2904 525 2958 vera,
543 2887 692 2945 cernebat.

180 2985 228 3040 27.
276 2982 361 3046 taque
391 2985 479 3025 unum
510 2963 581 3024 illud
611 2969 673 3025 erat
702 2965 818 3027 insitum

118 3046 231 3151 ¹priscis
251 3045 305 3107 illis
314 3089 325 3123 ,
346 3066 420 3129 quos
433 3043 533 3129 Cascos
549 3043 817 3210 appethlatijEnnius',
