2125 4067
285 521 439 591 errn
471 488 758 589 tnc'unuos.
800 526 880 612 '107

232 650 289 696 102
309 633 381 696 Haec
401 657 418 698 e
440 657 459 696 o
479 657 542 697 non
564 631 678 717 podum
697 635 795 696 dicere
816 652 881 696 non

185 713 247 775 effe
266 717 393 777 hominis
460 717 532 777 belli
545 715 578 776 δι
591 715 727 789 humani3
743 715 882 797 sapientis

184 796 264 854 verb
291 797 372 855 nullo
402 795 524 869 modo,
552 796 667 876 physici
688 797 881 878 praesertim,

170 893 284 954 *quem
305 874 397 935 seille
418 874 474 936 esse
490 875 575 947 vuit,
593 892 693 956 putare
711 877 799 937 ullum
820 873 880 936 esse

192 951 360 1035 cujusquam
380 954 459 1015 diem
478 955 615 1014 natalem.
639 955 747 1036 Quid?
766 955 880 1018 verene

188 1031 431 1176 rrrtuu
444 1033 883 1178 urerentur

188 1137 404 1276 quidemfnisi
419 1206 512 1278 quum
528 1137 620 1255 rbulta
637 1215 779 1254 annorum
796 1197 888 1262 intem

188 1273 322 1336 cefferint
342 1277 450 1351 millia,
466 1293 498 1336 ut
522 1278 656 1336 omnium
678 1275 805 1336 siderum
826 1273 884 1336 ed·

190 1355 285 1430 dem,
303 1355 381 1418 unde
400 1355 532 1439 profedia
555 1358 613 1416 sint
625 1401 638 1428 ,
662 1353 714 1416 fiat
732 1356 769 1416 ad
790 1374 883 1417 unum

191 1451 309 1517 tempus
326 1440 475 1498 reversio}
495 1436 589 1499 nullus
610 1434 653 1498 est
672 1439 757 1520 igitur
777 1434 883 1516 cujus·

237 1536 284 1575 am
301 1516 361 1578 dies
377 1518 492 1581 natalis.¹
509 1519 551 1578 At
566 1518 701 1578 habetur.
724 1516 762 1578 Et
773 1538 830 1600 ego
847 1515 881 1579 id

206 1598 303 1657 cilicet
321 1595 493 1660 nesciebam.
517 1596 599 1672 Sed,
619 1613 652 1658 ut
672 1599 731 1672 sit,
751 1602 883 1660 etiamne

191 1678 259 1759 post
279 1695 408 1739 mortem
434 1679 566 1740 coletur:
590 1678 680 1762 idque
704 1677 881 1740 testamento

191 1759 309 1819 cavebit
324 1762 369 1833 is,
389 1761 438 1842 qui
451 1761 536 1822 vobit
551 1762 633 1841 quasi
651 1761 798 1821 oraculum
816 1759 883 1820 edi·

191 1839 285 1914 derit,
295 1840 367 1902 nihil
381 1839 446 1922 post
459 1858 588 1903 mortem
600 1840 637 1900 ad
647 1861 701 1901 nos
715 1835 884 1922 pertinere?

192 1920 266 1981 Haec
285 1942 347 1981 non
367 1938 450 1983 etant
469 1921 559 2001 ejus,
581 1923 632 2000 qui
654 1920 882 1980 innumerabiles

191 2002 317 2062 mundos
349 1999 529 2083 infinitasque
562 2003 699 2080 regiones
721 2043 731 2072 ,
763 2006 885 2079 quarum

190 2082 271 2141 nulla
289 2080 361 2142 esset
380 2103 432 2142 ora
452 2128 461 2155 ‚
481 2079 562 2141 nulla
580 2080 768 2152 extremitat,
785 2093 890 2138 mente

192 2160 410 2255 peragraviffet.
433 2159 585 2240 Numquid
597 2160 657 2218 tale
673 2155 888 2218 Democritus?

194 2256 228 2300 ut
248 2242 320 2299 ahos
334 2242 467 2298 omittam
478 2241 576 2313 ,hunc
586 2238 706 2318 appello
716 2272 726 2312 ,·
737 2257 826 2319 quem
838 2235 890 2298 ille

192 2341 286 2381 unum
304 2319 417 2380 secutus
432 2318 484 2379 est.

239 2419 306 2482 ¹03·
329 2398 425 2482 Qubd
440 2403 463 2460 si
478 2398 541 2460 dies
555 2396 701 2459 notandus
715 2396 787 2474 sirit,
801 2417 886 2460 eum·

193 2503 232 2544 ue
250 2483 369 2564 potius,
388 2497 567 2563 quoactus,
587 2501 624 2541 an
646 2501 713 2542 eum
726 2490 816 2562 ‚quo
839 2479 885 2541 sa·-

194 2567 276 2644 piens
287 2561 378 2623 fabius
390 2561 451 2624 est?
465 2562 495 2623 N
497 2584 537 2623 on
548 2565 662 2644 potuit,
678 2564 792 2644 inquies
804 2607 814 2636 ‚
829 2560 884 2621 fie-

193 2645 219 2703 ri
236 2644 371 2726 sapiens,
389 2646 443 2704 nisi
460 2662 545 2704 natus
563 2640 642 2705 effet.
665 2640 703 2702 Et
716 2641 770 2702 isto
789 2641 885 2701 modo

193 2745 234 2786 ne
249 2728 274 2783 si
288 2727 353 2783 avia
363 2725 483 2804 quidem
497 2724 560 2803 ejus
576 2741 644 2782 nata
657 2743 719 2781 non
732 2719 812 2782 effer.
825 2720 888 2780 Res

194 2819 262 2864 tota
283 2848 293 2875 ‚
311 2802 463 2882 Torquate
486 2848 496 2876 ,
523 2825 585 2862 non
609 2801 765 2862 doctorum
786 2801 889 2858 homi·

196 2903 290 2954 num,
309 2871 387 2940 veile
407 2880 472 2960 post
493 2898 619 2940 mortem
634 2880 728 2959 epulis
748 2880 890 2942 celebrati

193 2964 372 3028 memoriam
390 2958 430 3021 sui
447 2961 593 3020 nominis:
607 2979 681 3041 quoa
695 2956 812 3038 quidem
826 2959 889 3024 dies

195 3041 447 3126 quemadmodum
464 3041 579 3126 agatid,
593 3041 624 3100 ἃ
636 3038 666 3100 in
680 3052 817 3123 quantam
832 3042 890 3104 bo'-

196 3127 307 3190 minum
327 3121 492 3189 facetorum
518 3123 710 3187 urbanitatem
728 3121 889 3204 incanam,

483 3201 772 3288 ...E-,q
