2125 4067
239 509 415 613 ἱὶιιῑειι
452 524 690 597 poturus,
741 526 817 608 535

135 625 232 686 omnis
245 640 307 687 tum
324 626 458 688 subtilitas
473 624 646 702 differendi,
661 645 724 689 tum
737 631 822 692 veri·

134 723 180 767 tas
197 703 353 783 judicandi.
635 758 640 765 .

177 785 228 864 69.
243 785 317 866 Quo
330 786 449 851 tandem
460 781 546 868 igitns
560 786 669 870 gaudio
679 786 753 849 affici
766 809 823 850 ne·

134 864 211 927 teffe
229 865 270 927 est
284 867 416 948 sapientis
435 871 583 940 animum,
603 887 668 928 cum
680 869 821 929 innabi-

135 962 248 1008 tantem
266 946 543 1029 pernoiiantemque
566 950 639 1008 cusis
649 947 660 1007 ?
671 966 720 1023 ut,
732 968 821 1030 quum

135 1029 226 1087 totius
243 1029 344 1088 mundi
355 1045 453 1089 motus
468 1027 730 1110 conversionesque
750 1049 822 1109 peta

137 1106 284 1190 spexeris,
307 1109 458 1190 sideraque
477 1109 582 1170 videris
604 1110 824 1170 innumerabilia

137 1188 215 1249 coeio
225 1189 392 1250 inhaerentia
402 1210 468 1248 cum
479 1187 541 1262 eiua
551 1190 639 1270 ipsius
650 1206 734 1249 motu
745 1210 823 1249 con·

137 1286 242 1410 ponere
265 1271 354 1331 certis
372 1267 458 1331 infixa
481 1268 617 1344 sedibus;
636 1268 754 1351 septem·
767 1270 824 1331 alia

150 1369 204 1409 uos
220 1370 340 1429 quaque
357 1368 460 1412 tenere
478 1349 591 1422 mustus,
606 1351 731 1411 multum
748 1350 824 1411 inter

138 1427 168 1490 se
186 1447 234 1488 aut
255 1431 402 1492 altimdine
421 1448 469 1491 aut
487 1432 647 1493 humilitate
672 1429 822 1505 distantia,

160 1529 265 1570 uorum
281 1513 348 1592 vagi
369 1528 467 1572 motus
490 1529 552 1571 rata
568 1529 669 1572 tannen
688 1512 722 1572 δι
745 1509 826 1572 certa

138 1530 180 1649 ini
197 1588 291 1651 cursus
308 1591 324 1650 s
357 1595 396 1651 tia
418 1588 557 1652 definiant
576 1591 587 1652 i
604 1592 721 1652 Horum
738 1593 824 1652 nimi·

138 1688 201 1730 tum
218 1669 286 1751 adsp
334 1693 365 1731 us
382 1672 495 1752 impulit
510 1674 577 1731 illos
593 1692 709 1734 veteres
729 1673 761 1737 &
773 1672 826 1732 ad·

139 1752 272 1826 monuit,
290 1768 321 1811 ut
332 1751 414 1832 plura
432 1770 604 1831 quaterent.
622 1751 696 1814 inde
718 1751 759 1814 est
779 1755 827 1812 in·

140 1829 258 1911 dagatio
275 1850 341 1891 nata
358 1834 504 1893 initiorum
523 1833 556 1893 &
576 1838 724 1915 tamquam
740 1832 827 1894 semi·

140 1928 232 1984 num,
248 1911 325 1972 unde
343 1909 432 1972 effent
448 1915 548 1972 omnia
566 1931 650 1985 orta,
669 1931 826 1994 generata,

141 2007 277 2053 concreta
300 2011 309 2064 3
334 2010 454 2070 quaeque
483 1989 617 2072 cujusque
641 1995 754 2074 generis
774 1992 824 2053 vei

140 2070 280 2145 inanimi,
297 2070 347 2132 vei
360 2073 511 2131 animantis
523 2116 534 2142 ,
545 2073 596 2134 vei
612 2075 684 2131 muti
696 2071 767 2145 ‚vel
781 2073 826 2133 lo·

141 2153 255 2232 quentis
275 2153 384 2232 origo,
408 2173 472 2231 quae
488 2154 570 2220 vita,
594 2152 644 2231 qui
663 2154 794 2212 interitus
813 2194 825 2226 ,

140 2250 262 2312 quaeque
280 2251 316 2291 ex
333 2231 390 2291 alio
407 2233 438 2290 in
458 2230 535 2289 aliud
551 2231 719 2292 vicissitudo
737 2250 825 2312 atque

140 2312 292 2375 mutatio:
316 2311 395 2372 unde
419 2328 495 2371 terna
515 2355 526 2382 ,
548 2309 581 2369 &
600 2311 703 2391 quibus
724 2313 825 2373 librata

140 2390 338 2472 ponderibus,
361 2392 464 2472 quibus
484 2393 616 2451 cavernis
637 2395 725 2451 masia
744 2390 826 2452 susti·

141 2489 228 2533 neat:
246 2473 274 2531 in
293 2492 350 2551 qua
365 2473 465 2531 omnia
483 2472 580 2532 delata
597 2475 738 2554 gravitate
757 2493 824 2533 me·

142 2551 222 2611 dium
240 2551 339 2611 mundi
353 2551 450 2612 locum
462 2551 578 2633 semper
596 2568 753 2634 expetant,
774 2556 825 2635 qui

142 2629 183 2697 est
202 2632 280 2691 idem
300 2631 413 2692 iniimus
425 2634 455 2692 in
469 2632 610 2693 rotundo.

182 2709 297 2771 XXV.
317 2711 389 2772 Haec
406 2712 539 2772 tristanti
556 2716 654 2772 animo
671 2758 681 2786 ,
699 2713 731 2772 &
748 2731 825 2771 noc·

142 2807 187 2851 tes
202 2792 233 2851 &
247 2791 307 2853 dies
319 2794 458 2874 cogitanti
469 2791 574 2852 exsistit
586 2794 634 2852 iila
649 2813 665 2850 a
679 2793 738 2853 deo
750 2789 825 2851 Del·

141 2872 207 2952 phis
248 2891 373 2953 raecepta
389 2895 425 2933 co
446 2876 516 2932 nitio
535 2917 546 2945 ,
563 2889 595 2932 ut
613 2872 673 2952 ipsa
691 2873 720 2932 se
740 2892 825 2932 mens

141 2894 298 3032 agnoiiat,
311 2893 553 3034 conjungamque
563 2973 629 3012 cum
639 2953 735 3011 divina
743 2972 826 3012 men·

142 3047 174 3097 te
192 3031 221 3117 se
243 3031 345 3097 sentiat
359 3038 376 3110 '3
396 3054 434 3116 ex
455 3055 514 3116 quo
541 3033 699 3176 insatiabili·
717 3032 826 3116 gaudio

691 3135 722 3176 av
