2125 4067
197 488 277 563 492
328 465 765 535 TUSCULANARU

198 584 409 643 voluntariam:
427 579 538 640 etenim
554 580 577 636 si
594 577 734 638 naturalis
746 596 830 636 amor
843 586 883 638 eti

197 663 261 736 set,
279 663 310 721 δι
329 675 459 720 amarent
478 678 583 716 omnes
592 702 604 728 ,
624 658 658 717 &
678 657 796 736 semper
813 679 882 716 ama·

199 759 281 816 rent,
302 742 333 800 δι
353 741 433 800 idem
449 754 602 809 amarent3
619 756 719 818 neque
734 737 822 795 aiium
837 758 882 816 pu·

200 822 277 894 dor,
293 822 381 879 alium
400 819 565 900 cogitatio,
586 817 677 876 alium
703 815 819 877 satietas
837 817 881 875 de·

197 918 334 960 terreret.
421 934 424 939 ·

243 977 416 1039 XXXVI.
438 976 735 1058 lravero,quamdiu
744 975 879 1056 perturbat

200 1061 330 1119 animum
350 1102 360 1132 ,
385 1057 596 1117 dubitationem
616 1056 732 1116 insaniae
753 1077 814 1115 non
833 1056 879 1113 ha·

199 1140 270 1199 bet:
290 1136 371 1216 cujus
385 1137 506 1218 impulsu
521 1135 629 1198 exsistit
640 1140 731 1197 etiam
746 1137 819 1196 inter
830 1134 878 1194 fra·

199 1234 258 1279 tres
273 1219 332 1279 tale
349 1216 492 1300 jurgium:

198 1340 264 1410 Quis
283 1343 351 1392 homo
369 1357 393 1392 te
413 1338 562 1409 exfhperarit
582 1337 677 1408 usquam
693 1335 798 1407 gentiunt
815 1334 875 1403 impr.-

275 1429 377 1484 dauid?

203 1520 265 1592 Quis
276 1539 353 1573 autem
362 1521 458 1574 malitid
466 1539 489 1574 re
500 1519 513 1568 ?

200 1609 286 1671 Nosti
298 1633 361 1692 quae
373 1613 546 1694 sequuntur:
565 1608 684 1669 alternis
696 1608 777 1669 enim
792 1607 880 1665 versi·

202 1691 257 1750 bus
280 1695 481 1771 intorquentur
497 1695 571 1750 inter
589 1689 692 1749 fratres
714 1688 880 1769 gravissima

202 1771 387 1830 contumelia
396 1791 406 1843 3
415 1788 445 1830 ut
454 1771 538 1830 facile
549 1785 709 1848 appareat,
721 1770 803 1828 Atrei
813 1764 881 1824 filios

204 1847 262 1910 else
274 1895 284 1924 ‚
298 1847 380 1929 ejus,
403 1852 453 1930 qui
472 1851 629 1911 meditatur
645 1867 769 1927 poenam
790 1850 819 1906 in
833 1844 882 1910 star

201 1944 277 1991 trem
288 1952 398 1991 novam
408 1952 416 1989 :

203 2050 290 2117 Major
298 2053 354 2100 milti
363 2052 451 2109 moles,
464 2053 538 2118 majus
546 2051 686 2119 miscendum
695 2051 801 2108 malum,

202 2141 255 2212 Qut*
262 2143 328 2192 illius
338 2138 443 2194 acerbum
453 2163 496 2194 cor
505 2149 644 2195 contundam
654 2148 678 2197 δ’
688 2143 847 2209 comprimam.

202 2249 276 2329 Quo
289 2253 373 2332 igitur
384 2253 445 2312 haec
457 2254 550 2334 erupit
562 2253 656 2313 moles
667 2253 681 2312 ἓ
694 2252 762 2314 audi
771 2250 885 2334 Thyes·

200 2348 263 2390 tem
272 2332 382 2411 ipsum:

202 2450 293 2517 Impius
310 2455 419 2504 hortatur
434 2473 469 2504 me
475 2455 571 2520 frater,
583 2471 608 2504 ut
618 2474 680 2506 meos
692 2458 759 2508 malis
765 2453 833 2523 mifir

199 2539 313 2590 Mundam
324 2559 410 2596 nator:
423 2565 500 2594 eorum
511 2549 611 2614 adponit
621 2548 725 2616 viscera:

201 2647 284 2728 Quid
299 2649 339 2710 est
353 2653 449 2724 enim,
462 2654 521 2734 quo
536 2677 596 2714 non
610 2653 809 2737 progrediatur
818 2652 877 2713 ira?

200 2729 331 2805 eodem,
354 2733 412 2813 quo
434 2733 523 2792 furor.
543 2734 644 2814 Itaque
658 2740 748 2795 iratos
765 2731 884 2812 proprie

198 2810 318 2869 dicimus
334 2813 416 2872 exisse
426 2813 462 2875 de
476 2813 619 2894 potestate
631 2861 641 2889 ‚
651 2816 681 2874 id
693 2814 753 2886 est,
764 2811 803 2873 de
814 2831 887 2870 con·

198 2890 262 2949 silio
278 2936 287 2963 ,
302 2892 338 2952 de
351 2894 479 2966 ratione,
499 2894 536 2954 de
553 2911 668 2955 mente:
686 2895 795 2955 horum
805 2894 887 2952 enim

195 2970 324 3046 potestas
341 2972 483 3036 intutum
500 2977 627 3038 animum
643 2973 699 3037 effe
719 2972 824 3037 debet.
