2125 4067
162 574 164 581 ,
254 514 409 589 linea
447 520 678 588 γειτνιῶν.
730 523 809 613 '395

127 631 271 718 pravitate
294 678 304 708 ,
326 654 345 694 a
366 651 523 716 naturaque
547 629 724 695 desciscimus
744 651 754 705 ;
780 649 813 697 ut

129 716 215 777 nobis
224 711 640 808 optimamnaturamiuvidiffe
648 711 813 789 videantur,

128 797 180 876 qui
197 795 269 854 nihil
284 794 386 854 melius
403 794 535 868 homini,
556 793 626 854 nihil
645 794 734 875 magis
757 813 813 854 ex·

128 874 320 956 petendum,
345 874 415 934 nihil
433 871 607 956 praestantius
628 871 785 933 honoribus

129 954 282 1034 irnperiis,
297 953 428 1034 populari
439 955 531 1035 glorid
546 951 742 1032 judicaverunt
752 975 762 1026 ·,
774 917 813 1019 ad

152 1054 221 1095 uam
243 1032 336 1094 fertur
354 1034 481 1115 optimus
499 1032 636 1116 quisque,
657 1052 814 1115 veramque

130 1055 211 1182 illam
236 1113 419 1176 honestatem
437 1132 599 1196 expetens,
620 1133 707 1193 quam
727 1134 816 1175 unam

131 1213 234 1258 natura
252 1196 376 1255 maxim&
394 1197 530 1277 inquirit,
548 1197 578 1256 in
594 1192 704 1256 summa
723 1193 817 1271 inani·

131 1291 194 1338 tate
213 1278 360 1347 versatur,
377 1273 557 1338 consedetur
579 1295 615 1336 ue
624 1273 733 1336 nullam
748 1277 820 1335 emi·

132 1373 254 1418 nentem
270 1353 317 1415 effi
338 1356 396 1415 iem
408 1357 540 1430 virtutis,
554 1297 603 1418 ded
615 1355 818 1417 adumbratam

131 1437 290 1518 imaginem
308 1376 425 1517 gloriae3
445 1434 485 1497 est
503 1438 583 1498 enim
599 1436 711 1518 gloria,
727 1434 818 1501 solida

133 1516 268 1600 quaedam
284 1536 331 1576 res
348 1516 380 1576 &
390 1514 540 1598 expressa,
555 1538 618 1578 non
631 1517 817 1579 adumbrata:

134 1618 171 1660 ea
191 1595 232 1658 est
253 1594 435 1657 consentiens
453 1598 513 1658 laus
535 1599 700 1671 bonorum,
721 1599 819 1659 incor-

134 1695 220 1758 rupta
233 1697 294 1738 vox
310 1677 386 1738 bene
400 1675 587 1758 judicantium
599 1678 637 1739 de
653 1678 818 1743 excellente

135 1761 262 1827 virtute:
283 1777 318 1819 ea
330 1759 429 1820 virtuti
442 1757 575 1836 resonat,
586 1775 733 1841 tamquam
746 1762 820 1827 ima·

135 1857 199 1922 go:
222 1858 285 1920 quae
302 1841 368 1921 quia
385 1838 462 1902 redd
480 1839 623 1901 fabiorum
643 1841 816 1921 plerumque

137 1939 239 1982 comes
250 1916 306 1994 est,
323 1940 384 1993 non
398 1919 439 1982 est
453 1920 539 1980 bonis
550 1921 620 1982 viris
629 1920 820 2000 repudianda.

181 1999 211 2074 ’4.
234 1997 287 2061 llla
301 2016 420 2074 autern,
434 2020 498 2079 quae
514 2000 545 2060 se
562 1997 626 2078 ejus
637 2001 820 2069 imitatricem

139 2077 195 2143 effe
214 2079 299 2154 vult,
314 2082 466 2140 temeraria
484 2090 569 2159 atque
584 2078 820 2152 inconsiderata,

140 2161 173 2223 δι
204 2160 375 2241 plerumque
407 2175 594 2241 peccatorum
624 2160 821 2239 vitiorumque

140 2240 313 2316 laudatrix,
338 2238 416 2300 fama
440 2239 614 2322 popularis,
639 2238 822 2302 simulatione

140 2319 295 2385 honestatis
320 2318 447 2381 formam
474 2318 538 2400 ejus
563 2317 825 2400 pulchritudinem·

142 2423 198 2485 que
226 2402 408 2482 corrumpit:
430 2400 487 2481 qud
507 2403 637 2462 caecitate
660 2400 824 2478 homines,

142 2503 232 2565 quum
253 2482 386 2564 quaedam
403 2485 491 2544 etiarn
509 2482 644 2562 praeclara
664 2499 825 2563 cuperent,

142 2583 235 2646 eaque
251 2564 390 2626 nescirent
406 2562 526 2626 necubi
541 2583 597 2626 nee
613 2563 707 2645 qualia
722 2561 825 2638 effen,

142 2643 273 2705 funditus
290 2644 336 2702 alii
351 2662 518 2705 everterunt
532 2643 594 2705 suas
606 2647 759 2718 civitates,
778 2645 827 2713 alii

137 2726 198 2805 ipsi
217 2724 403 2782 occiderunt:
422 2741 512 2804 atque
531 2725 561 2782 hi
577 2724 698 2805 quidem
717 2726 829 2804 optima

144 2819 303 2884 petentes,
320 2822 380 2862 non
396 2817 457 2862 tam
468 2803 621 2865 voluntate
633 2803 721 2884 quim
732 2802 830 2869 cursus

146 2901 247 2944 errore
263 2879 408 2954 falluntur.
432 2881 539 2961 Quid,
556 2885 606 2962 qui
625 2885 755 2963 pecuniae
778 2903 831 2943 eu·

147 2961 295 3044 pidirate,
314 2962 364 3042 qui
381 2960 567 3042 uoluptatum
587 2961 706 3025 libidine
730 2961 831 3033 ferun-

149 3060 219 3120 tur3
239 3061 422 3127 quorumque
440 3045 483 3118 ita
498 3044 704 3190 ‚pesswbwfiit
722 3038 831 3136 ffl‘ml,

700 3145 731 3210 Vl
