2125 4067
259 524 337 598 224
428 505 503 573 Du
536 510 791 576 numus

254 618 340 679 betur
358 616 394 677 de
413 615 517 679 finibus
537 619 684 681 bonorum
711 619 745 679 δι
769 615 941 693 malorumj

254 717 345 776 quum
360 701 514 779 quatitur,
529 700 560 759 iu
577 700 621 758 his
637 697 706 778 quid
721 699 762 773 uit
779 700 940 759 'extremum

253 777 290 870 dt
308 776 461 853 ultimum,
474 778 542 839 fons
560 777 751 859 repetiendus'
760 776 823 863 ost,
835 780 868 837 iu·
877 800 938 873 :quo

252 872 310 917 unt
331 879 426 938 prima
452 860 641 919 invitanienta
663 876 875 940 mturaez'quo
899 878 939 917 m·

253 954 347 998 uento
366 983 376 1013 ‚
396 940 492 999 omnis
505 941 549 1000 ab
570 958 610 1000 eo
630 982 639 1013 ‚
663 941 753 1020 quusi:
767 942 884 1018 capite,
906 939 938 1000 de

253 1016 367 1077 summo
383 1018 611 1080 houo›&·iualo
628 1017 783 1100 disputatio
801 1018 921 1079 ducitur.

257 1152 260 1157 .
295 1090 378 1157 V'll.
405 1098 574 1179 Voluptatis
585 1101 631 1160 ulii
642 1101 768 1180 primum
779 1102 937 1180 appetitum

255 1194 379 1258 putant,
395 1179 427 1238 δι
447 1180 570 1259 primain
588 1178 794 1259 depulsionem
811 1180 936 1239 doloris:

255 1257 304 1316 alii
319 1256 434 1318 censent
472 1257 938 1334 timum.adscin1u1,doloiisva·

256 1338 395 1398 unitatem
414 1384 425 1413 ‚
487 1341 619 1419 quinium
636 1338 813 1417 declinatum
833 1384 843 1414 ,
860 1339 938 1399 dolo

256 1436 336 1476 rem-t
349 1419 385 1477 ah
402 1418 446 1477 his
460 1418 524 1494 alii,
538 1440 603 1500 quae
619 1421 711 1499 prima
724 1418 938 1480 secundumn:-

256 1512 351 1557 turam
371 1498 824 1585 nominant‚proficiscuunir;iu
841 1500 937 1581 quihus

254 1584 410 1656 numerau't
425 1580 657 1641 incolumitatem
672 1578 938 1641 couse'rvationemae

253 1678 316 1798 que
335 1660 467 1719 omnium
482 1663 626 1741 partium,
646 1659 845 1723 valetudinem
856 1705 867 1735 ,
880 1659 938 1721 seu·

269 1759 301 1797 us
319 1740 472 1820 integros,
489 1741 600 1802 doloris
618 1741 798 1802 vacuitatem
813 1784 832 1814 ,.
846 1743 936 1814 vires,

255 1818 525 1898 pulchritudinem,
550 1840 703 1903 ceteraque
727 1821 844 1902 generis
866 1818 938 1899 ejus·

257 1897 347 1969 dem3
364 1920 488 1979 quorum
499 1902 601 1962 similia
617 1900 680 1960 sunt
693 1903 789 1982 prima
798 1903 828 1960 in
842 1901 937 1960 animis

256 1979 339 2059 quasi
358 1983 496 2040 virtutum
512 1981 630 2063 iguiculi
647 1982 680 2042 δι
697 1980 816 2042 semina.
837 1979 881 2040 Ex
897 1981 936 2039 h'u

255 2060 345 2119 tribus
364 2080 454 2140 quum
470 2083 560 2121 unum
579 2060 697 2143 aliquod
715 2064 750 2122 sit
769 2104 780 2137 ,
802 2068 863 2142 quo
882 2061 936 2141 pri·

255 2141 337 2199 mium
360 2156 460 2200 natura
483 2159 637 2203 moveatur
658 2141 719 2203 vel.
732 2140 771 2201 ad
793 2158 937 2225 appeten·

255 2219 327 2280 dum
338 2265 348 2293 ,
361 2221 412 2282 vel
427 2222 464 2281 ud
476 2222 675 2306 repellendum
686 2220 764 2294 ‚ude
783 2221 937 2303 quidquam

255 2304 398 2376 omnino,
414 2320 519 2382 praeter
535 2303 594 2362 haec
608 2303 682 2376 tria,
695 2305 788 2382 possit
801 2299 937 2373 esse;'ne·'

255 2379 330 2441 ceffe
356 2380 396 2441 est
422 2385 544 2443 omnino
567 2381 693 2443 officium
713 2399 762 2442 aut
785 2381 815 2442 fu
835 2379 932 2457 'eudi,

255 2474 306 2516 aut
320 2459 477 2537 sequendi,
492 2465 529 2521 ad
543 2483 645 2522 eorum
657 2462 764 2543 aliquid
778 2482 810 2523 re
823 2463 892 2532 etri,
903 2460 946 2519 ut'

255 2535 305 2596 illa
322 2539 473 2617 prudentia
483 2583 494 2610 ,
506 2563 592 2621 quam
604 2560 697 2602 artem
709 2544 778 2602 vitae
800 2539 854 2602 effe
868 2539 936 2598 dixi·

255 2635 341 2691 mus,
356 2619 385 2679 iu
403 2637 501 2678 earum
518 2623 604 2680 trium
620 2642 716 2682 rerum
733 2623 828 2703 aliqua
842 2618 910 2682 vers
930 2672 932 2677 .

256 2713 323 2770 tur,
342 2717 359 2756 a
398 2719 432 2757 ua
448 2703 536 2760 totius
549 2704 617 2761 vitae
631 2702 718 2762 ducat
735 2701 901 2763 exordium.

302 2797 352 2858 19⁴
373 2719 416 2839 dx
436 2799 473 2840 eo
491 2800 608 2856 autem,
624 2783 705 2862 quod
722 2781 850 2843 statuerit
865 2778 936 2852 effe,

254 2879 318 2940 quo
345 2861 468 2941 primum
490 2880 588 2922 natura
617 2880 798 2939 moveatur,
826 2859 938 2921 exsisto!

256 2941 345 3000 etium
365 2940 432 3001 redii
447 2943 519 3001 ratio
539 2961 625 3024 atque
644 2942 778 3015 honesti,
797 2963 861 3022 quae
874 2961 937 3000 eum

256 3035 317 3081 uuo
337 3020 433 3103 aliquo
454 3024 595 3084 extribus
613 3024 668 3087 illis
687 3042 851 3109 congruere
867 3040 938 3106 pos*
