<?xml version="1.0" encoding="UTF-8"?>
<!DOCTYPE html PUBLIC "-//W3C//DTD XHTML 1.0 Transitional//EN"
    "http://www.w3.org/TR/xhtml1/DTD/xhtml1-transitional.dtd">
<html xmlns="http://www.w3.org/1999/xhtml" xml:lang="en" lang="en">
 <head>
  <title>
</title>
<meta http-equiv="Content-Type" content="text/html;charset=utf-8" />
  <meta name='ocr-system' content='tesseract 3.04.00' />
  <meta name='ocr-capabilities' content='ocr_page ocr_carea ocr_par ocr_line ocrx_word'/>
</head>
<body>
  <div class='ocr_page' id='page_1' title='image "./mtulliiciceroni00lallgoog_0092.png"; bbox 0 0 2125 4067; ppageno 0'>
   <div class='ocr_carea' id='block_1_1' title="bbox 258 554 901 654">
    <p class='ocr_par' dir='ltr' id='par_1_1' title="bbox 258 554 901 654">
     <span class='ocr_line' id='line_1_1' title="bbox 258 554 901 654; baseline -0.012 -22"><span class='ocrx_word' id='word_1_1' title='bbox 258 572 313 654; x_wconf 76' lang='lat'>’92</span> <span class='ocrx_word' id='word_1_2' title='bbox 423 554 498 627; x_wconf 73' lang='lat' dir='ltr'>Dc</span> <span class='ocrx_word' id='word_1_3' title='bbox 531 568 781 626; x_wconf 71' lang='lat' dir='ltr'>mmm</span> <span class='ocrx_word' id='word_1_4' title='bbox 896 578 901 585; x_wconf 93' lang='lat'>·</span> 
     </span>
    </p>
   </div>
   <div class='ocr_carea' id='block_1_2' title="bbox 228 667 989 3071">
    <p class='ocr_par' dir='ltr' id='par_1_2' title="bbox 228 667 989 3071">
     <span class='ocr_line' id='line_1_2' title="bbox 258 667 947 752; baseline -0.003 -19"><span class='ocrx_word' id='word_1_5' title='bbox 258 672 330 733; x_wconf 81' lang='lat' dir='ltr'>nihil</span> <span class='ocrx_word' id='word_1_6' title='bbox 348 668 473 752; x_wconf 85' lang='lat' dir='ltr'>denique</span> <span class='ocrx_word' id='word_1_7' title='bbox 489 671 543 731; x_wconf 82' lang='lat' dir='ltr'>nisi</span> <span class='ocrx_word' id='word_1_8' title='bbox 560 670 609 730; x_wconf 78' lang='lat' dir='ltr'>tuh</span> <span class='ocrx_word' id='word_1_9' title='bbox 619 668 718 730; x_wconf 73' lang='lat' dir='ltr'>causi:</span> <span class='ocrx_word' id='word_1_10' title='bbox 736 687 828 751; x_wconf 83' lang='lat' dir='ltr'>quem</span> <span class='ocrx_word' id='word_1_11' title='bbox 840 667 947 731; x_wconf 67' lang='lat' dir='ltr'>clann·</span> 
     </span>
     <span class='ocr_line' id='line_1_3' title="bbox 246 746 946 832; baseline -0.003 -19"><span class='ocrx_word' id='word_1_12' title='bbox 246 773 324 813; x_wconf 76' lang='lat' dir='ltr'>&#39;rent</span> <span class='ocrx_word' id='word_1_13' title='bbox 339 753 509 823; x_wconf 83' lang='lat' dir='ltr'>concionis,</span> <span class='ocrx_word' id='word_1_14' title='bbox 526 768 575 810; x_wconf 85' lang='lat' dir='ltr'>aut</span> <span class='ocrx_word' id='word_1_15' title='bbox 584 770 671 832; x_wconf 85' lang='lat' dir='ltr'>quam</span> <span class='ocrx_word' id='word_1_16' title='bbox 686 746 768 829; x_wconf 86' lang='lat' dir='ltr'>spem</span> <span class='ocrx_word' id='word_1_17' title='bbox 784 748 946 811; x_wconf 71' lang='lat' dir='ltr'>consulatis</span> 
     </span>
     <span class='ocr_line' id='line_1_4' title="bbox 248 827 945 993; baseline -0.001 -20"><span class='ocrx_word' id='word_1_18' title='bbox 248 827 945 993; x_wconf 60' lang='lat' dir='ltr'>ttttteiitiiiiieeiieti</span> 
     </span>
     <span class='ocr_line' id='line_1_5' title="bbox 257 930 947 1088; baseline -0.003 -36"><span class='ocrx_word' id='word_1_19' title='bbox 257 1009 358 1053; x_wconf 87' lang='lat' dir='ltr'>tecum</span> <span class='ocrx_word' id='word_1_20' title='bbox 374 990 434 1088; x_wconf 85' lang='lat' dir='ltr'>ipse</span> <span class='ocrx_word' id='word_1_21' title='bbox 447 931 560 1052; x_wconf 48' lang='lat' dir='ltr'>&amp;ium</span> <span class='ocrx_word' id='word_1_22' title='bbox 573 993 629 1052; x_wconf 80' lang='lat' dir='ltr'>tuis</span> <span class='ocrx_word' id='word_1_23' title='bbox 645 1004 726 1051; x_wconf 81' lang='lat' dir='ltr'>utare</span> <span class='ocrx_word' id='word_1_24' title='bbox 737 1034 747 1065; x_wconf 95' lang='lat'>,</span> <span class='ocrx_word' id='word_1_25' title='bbox 758 930 896 1071; x_wconf 56' lang='lat' dir='ltr'>gtofite&#39;ti</span> <span class='ocrx_word' id='word_1_26' title='bbox 905 1010 947 1050; x_wconf 74' lang='lat' dir='ltr'>nu·</span> 
     </span>
     <span class='ocr_line' id='line_1_6' title="bbox 260 1068 944 1153; baseline -0.004 -20"><span class='ocrx_word' id='word_1_27' title='bbox 260 1090 321 1134; x_wconf 87' lang='lat' dir='ltr'>tem</span> <span class='ocrx_word' id='word_1_28' title='bbox 339 1073 371 1134; x_wconf 79' lang='grc' dir='ltr'>δι</span> <span class='ocrx_word' id='word_1_29' title='bbox 384 1094 413 1133; x_wconf 84' lang='lat' dir='ltr'>tn</span> <span class='ocrx_word' id='word_1_30' title='bbox 432 1072 562 1133; x_wconf 84' lang='lat' dir='ltr'>medium</span> <span class='ocrx_word' id='word_1_31' title='bbox 582 1068 714 1153; x_wconf 85' lang='lat' dir='ltr'>proferre</span> <span class='ocrx_word' id='word_1_32' title='bbox 735 1090 798 1130; x_wconf 87' lang='lat' dir='ltr'>non</span> <span class='ocrx_word' id='word_1_33' title='bbox 816 1070 944 1132; x_wconf 76' lang='lat' dir='ltr'>audeas?</span> 
     </span>
     <span class='ocr_line' id='line_1_7' title="bbox 252 1150 946 1232; baseline -0.007 -18"><span class='ocrx_word' id='word_1_34' title='bbox 252 1153 303 1214; x_wconf 81' lang='lat' dir='ltr'>&#39;At</span> <span class='ocrx_word' id='word_1_35' title='bbox 316 1154 390 1214; x_wconf 77' lang='lat' dir='ltr'>verb</span> <span class='ocrx_word' id='word_1_36' title='bbox 406 1152 453 1212; x_wconf 85' lang='lat' dir='ltr'>iila</span> <span class='ocrx_word' id='word_1_37' title='bbox 464 1196 473 1225; x_wconf 95' lang='lat'>,</span> <span class='ocrx_word' id='word_1_38' title='bbox 486 1173 550 1232; x_wconf 80' lang='lat' dir='ltr'>quae</span> <span class='ocrx_word' id='word_1_39' title='bbox 565 1150 765 1231; x_wconf 74' lang='lat' dir='ltr'>Peripatetici,</span> <span class='ocrx_word' id='word_1_40' title='bbox 782 1170 849 1231; x_wconf 69' lang='lat' dir='ltr'>qu:</span> <span class='ocrx_word' id='word_1_41' title='bbox 862 1150 946 1211; x_wconf 78' lang='lat' dir='ltr'>Stoici</span> 
     </span>
     <span class='ocr_line' id='line_1_8' title="bbox 263 1228 946 1312; baseline -0.006 -19"><span class='ocrx_word' id='word_1_42' title='bbox 263 1234 382 1305; x_wconf 85' lang='lat' dir='ltr'>dicunt,</span> <span class='ocrx_word' id='word_1_43' title='bbox 400 1231 512 1312; x_wconf 82' lang='lat' dir='ltr'>semper</span> <span class='ocrx_word' id='word_1_44' title='bbox 533 1232 585 1292; x_wconf 89' lang='lat' dir='ltr'>tibi</span> <span class='ocrx_word' id='word_1_45' title='bbox 601 1232 630 1290; x_wconf 90' lang='lat' dir='ltr'>in</span> <span class='ocrx_word' id='word_1_46' title='bbox 648 1249 701 1290; x_wconf 87' lang='lat' dir='ltr'>ote</span> <span class='ocrx_word' id='word_1_47' title='bbox 718 1228 803 1304; x_wconf 91' lang='lat' dir='ltr'>sunt,</span> <span class='ocrx_word' id='word_1_48' title='bbox 826 1235 858 1291; x_wconf 95' lang='lat' dir='ltr'>in</span> <span class='ocrx_word' id='word_1_49' title='bbox 875 1228 946 1309; x_wconf 82' lang='lat' dir='ltr'>judi·</span> 
     </span>
     <span class='ocr_line' id='line_1_9' title="bbox 261 1310 947 1393; baseline -0.009 -19"><span class='ocrx_word' id='word_1_50' title='bbox 261 1316 328 1386; x_wconf 88' lang='lat' dir='ltr'>ciis,</span> <span class='ocrx_word' id='word_1_51' title='bbox 350 1315 380 1371; x_wconf 90' lang='lat' dir='ltr'>in</span> <span class='ocrx_word' id='word_1_52' title='bbox 393 1310 490 1371; x_wconf 85' lang='lat' dir='ltr'>senatu</span> <span class='ocrx_word' id='word_1_53' title='bbox 502 1355 511 1384; x_wconf 96' lang='lat'>,</span> <span class='ocrx_word' id='word_1_54' title='bbox 525 1311 661 1393; x_wconf 80' lang='lat' dir='ltr'>officium,</span> <span class='ocrx_word' id='word_1_55' title='bbox 677 1311 849 1388; x_wconf 72' lang='lat' dir='ltr'>equitatem,</span> <span class='ocrx_word' id='word_1_56' title='bbox 861 1310 947 1393; x_wconf 64' lang='lat' dir='ltr'>digni·</span> 
     </span>
     <span class='ocr_line' id='line_1_10' title="bbox 265 1390 946 1473; baseline -0.006 -20"><span class='ocrx_word' id='word_1_57' title='bbox 265 1412 368 1464; x_wconf 83' lang='lat' dir='ltr'>tatem,</span> <span class='ocrx_word' id='word_1_58' title='bbox 387 1392 491 1469; x_wconf 77' lang='lat' dir='ltr'>fidem,</span> <span class='ocrx_word' id='word_1_59' title='bbox 509 1396 599 1463; x_wconf 67' lang='lat' dir='ltr'>rebla,</span> <span class='ocrx_word' id='word_1_60' title='bbox 618 1391 745 1470; x_wconf 70' lang='lat' dir='ltr'>honesta,</span> <span class='ocrx_word' id='word_1_61' title='bbox 757 1390 844 1473; x_wconf 76' lang='lat' dir='ltr'>digna</span> <span class='ocrx_word' id='word_1_62' title='bbox 860 1393 946 1473; x_wconf 68' lang='lat' dir='ltr'>impc-</span> 
     </span>
     <span class='ocr_line' id='line_1_11' title="bbox 261 1470 944 1552; baseline 0 -21"><span class='ocrx_word' id='word_1_63' title='bbox 261 1475 322 1544; x_wconf 83' lang='lat' dir='ltr'>rio,</span> <span class='ocrx_word' id='word_1_64' title='bbox 336 1473 419 1552; x_wconf 81' lang='lat' dir='ltr'>digna</span> <span class='ocrx_word' id='word_1_65' title='bbox 434 1471 539 1552; x_wconf 82' lang='lat' dir='ltr'>populo</span> <span class='ocrx_word' id='word_1_66' title='bbox 556 1475 680 1531; x_wconf 84' lang='lat' dir='ltr'>Romano</span> <span class='ocrx_word' id='word_1_67' title='bbox 691 1470 804 1542; x_wconf 73' lang='lat' dir='ltr'>‚omnia</span> <span class='ocrx_word' id='word_1_68' title='bbox 819 1472 944 1551; x_wconf 72' lang='lat' dir='ltr'>pericula</span> 
     </span>
     <span class='ocr_line' id='line_1_12' title="bbox 257 1548 947 1691; baseline 0 -80"><span class='ocrx_word' id='word_1_69' title='bbox 257 1574 310 1691; x_wconf 81' lang='lat' dir='ltr'>pro</span> <span class='ocrx_word' id='word_1_70' title='bbox 323 1551 481 1632; x_wconf 78' lang='lat' dir='ltr'>republica,</span> <span class='ocrx_word' id='word_1_71' title='bbox 499 1554 567 1611; x_wconf 84' lang='lat' dir='ltr'>mori</span> <span class='ocrx_word' id='word_1_72' title='bbox 580 1573 631 1632; x_wconf 85' lang='lat' dir='ltr'>pro</span> <span class='ocrx_word' id='word_1_73' title='bbox 668 1550 749 1609; x_wconf 80' lang='lat' dir='ltr'>atria.</span> <span class='ocrx_word' id='word_1_74' title='bbox 769 1548 843 1609; x_wconf 70' lang='lat' dir='ltr'>Hac</span> <span class='ocrx_word' id='word_1_75' title='bbox 860 1570 947 1633; x_wconf 84' lang='lat' dir='ltr'><strong>quum</strong></span> 
     </span>
     <span class='ocr_line' id='line_1_13' title="bbox 260 1630 948 1792; baseline 0.001 -20"><span class='ocrx_word' id='word_1_76' title='bbox 260 1631 633 1792; x_wconf 52' lang='grc' dir='ltr'>Ιίᾝῗᾜίὖέιοίερῗᾞὲἓίτ</span> <span class='ocrx_word' id='word_1_77' title='bbox 651 1630 948 1773; x_wconf 51' lang='lat' dir='ltr'>nffipgrtpstpffi</span> 
     </span>
     <span class='ocr_line' id='line_1_14' title="bbox 260 1790 946 1874; baseline 0 -23"><span class='ocrx_word' id='word_1_78' title='bbox 260 1790 412 1874; x_wconf 81' lang='lat' dir='ltr'>magnifica</span> <span class='ocrx_word' id='word_1_79' title='bbox 438 1791 529 1851; x_wconf 81' lang='lat' dir='ltr'>verba</span> <span class='ocrx_word' id='word_1_80' title='bbox 556 1808 671 1870; x_wconf 86' lang='lat' dir='ltr'>tamque</span> <span class='ocrx_word' id='word_1_81' title='bbox 695 1791 862 1870; x_wconf 71' lang='lat' dir='ltr'>preclara,</span> <span class='ocrx_word' id='word_1_82' title='bbox 888 1812 946 1853; x_wconf 87' lang='lat' dir='ltr'>non</span> 
     </span>
     <span class='ocr_line' id='line_1_15' title="bbox 260 1870 947 1951; baseline 0 -20"><span class='ocrx_word' id='word_1_83' title='bbox 260 1871 348 1933; x_wconf 81' lang='lat' dir='ltr'>habet</span> <span class='ocrx_word' id='word_1_84' title='bbox 368 1871 458 1931; x_wconf 88' lang='lat' dir='ltr'>ullum</span> <span class='ocrx_word' id='word_1_85' title='bbox 478 1870 614 1951; x_wconf 81' lang='lat' dir='ltr'>voluptas</span> <span class='ocrx_word' id='word_1_86' title='bbox 635 1870 751 1943; x_wconf 87' lang='lat' dir='ltr'>locunt,</span> <span class='ocrx_word' id='word_1_87' title='bbox 770 1890 834 1930; x_wconf 90' lang='lat' dir='ltr'>non</span> <span class='ocrx_word' id='word_1_88' title='bbox 856 1873 947 1933; x_wconf 73' lang='lat' dir='ltr'>modii</span> 
     </span>
     <span class='ocr_line' id='line_1_16' title="bbox 262 1947 989 2035; baseline -0.001 -22"><span class='ocrx_word' id='word_1_89' title='bbox 262 1953 310 2013; x_wconf 87' lang='lat' dir='ltr'>illa</span> <span class='ocrx_word' id='word_1_90' title='bbox 318 1998 331 2026; x_wconf 91' lang='lat'>,</span> <span class='ocrx_word' id='word_1_91' title='bbox 343 1972 430 2035; x_wconf 85' lang='lat' dir='ltr'>quant</span> <span class='ocrx_word' id='word_1_92' title='bbox 442 1953 472 2011; x_wconf 92' lang='lat' dir='ltr'>in</span> <span class='ocrx_word' id='word_1_93' title='bbox 488 1968 571 2011; x_wconf 88' lang='lat' dir='ltr'>motu</span> <span class='ocrx_word' id='word_1_94' title='bbox 589 1947 645 2010; x_wconf 84' lang='lat' dir='ltr'>effe</span> <span class='ocrx_word' id='word_1_95' title='bbox 658 1950 767 2021; x_wconf 81' lang='lat' dir='ltr'>dicitis,</span> <span class='ocrx_word' id='word_1_96' title='bbox 780 1970 873 2031; x_wconf 83' lang='lat' dir='ltr'>quam</span> <span class='ocrx_word' id='word_1_97' title='bbox 887 1972 949 2013; x_wconf 87' lang='lat' dir='ltr'>om·</span> <span class='ocrx_word' id='word_1_98' title='bbox 988 2000 989 2035; x_wconf 53' lang='lat'>,</span> 
     </span>
     <span class='ocr_line' id='line_1_17' title="bbox 260 2031 989 2111; baseline -0.001 -18"><span class='ocrx_word' id='word_1_99' title='bbox 260 2054 314 2093; x_wconf 88' lang='lat' dir='ltr'>nes</span> <span class='ocrx_word' id='word_1_100' title='bbox 333 2033 454 2104; x_wconf 84' lang='lat' dir='ltr'>urbani,</span> <span class='ocrx_word' id='word_1_101' title='bbox 468 2031 582 2103; x_wconf 87' lang='lat' dir='ltr'>rustici,</span> <span class='ocrx_word' id='word_1_102' title='bbox 600 2051 722 2101; x_wconf 87' lang='lat' dir='ltr'>omnes,</span> <span class='ocrx_word' id='word_1_103' title='bbox 736 2032 878 2111; x_wconf 76' lang='lat' dir='ltr'>inquam,</span> <span class='ocrx_word' id='word_1_104' title='bbox 937 2032 945 2047; x_wconf 84' lang='lat'><em>⁰</em></span> <span class='ocrx_word' id='word_1_105' title='bbox 988 2044 989 2079; x_wconf 68' lang='lat'>1</span> 
     </span>
     <span class='ocr_line' id='line_1_18' title="bbox 228 2052 947 2192; baseline 0.001 -20"><span class='ocrx_word' id='word_1_106' title='bbox 228 2110 234 2117; x_wconf 76' lang='grc'><strong>’</strong></span> <span class='ocrx_word' id='word_1_107' title='bbox 260 2110 362 2173; x_wconf 71' lang='lat' dir='ltr'>Latine</span> <span class='ocrx_word' id='word_1_108' title='bbox 375 2112 549 2192; x_wconf 86' lang='lat' dir='ltr'>loquuntur,</span> <span class='ocrx_word' id='word_1_109' title='bbox 561 2111 743 2191; x_wconf 85' lang='lat' dir='ltr'>voluptatem</span> <span class='ocrx_word' id='word_1_110' title='bbox 752 2120 865 2172; x_wconf 70' lang='lat' dir='ltr'>vetant</span> <span class='ocrx_word' id='word_1_111' title='bbox 877 2052 947 2184; x_wconf 39' lang='grc' dir='ltr'><em>ὦ</em></span> 
     </span>
     <span class='ocr_line' id='line_1_19' title="bbox 253 2190 946 2274; baseline 0 -20"><span class='ocrx_word' id='word_1_112' title='bbox 253 2213 300 2254; x_wconf 83' lang='lat' dir='ltr'>ne</span> <span class='ocrx_word' id='word_1_113' title='bbox 322 2193 382 2254; x_wconf 84' lang='lat' dir='ltr'>haec</span> <span class='ocrx_word' id='word_1_114' title='bbox 406 2191 524 2273; x_wconf 87' lang='lat' dir='ltr'>quidem</span> <span class='ocrx_word' id='word_1_115' title='bbox 548 2190 678 2262; x_wconf 81' lang='lat' dir='ltr'>stabilis,</span> <span class='ocrx_word' id='word_1_116' title='bbox 699 2211 814 2271; x_wconf 85' lang='lat' dir='ltr'>quam,</span> <span class='ocrx_word' id='word_1_117' title='bbox 841 2202 946 2274; x_wconf 70' lang='lat' dir='ltr'>pitter</span> 
     </span>
     <span class='ocr_line' id='line_1_20' title="bbox 262 2272 989 2352; baseline -0.011 -15"><span class='ocrx_word' id='word_1_118' title='bbox 262 2294 337 2345; x_wconf 78' lang='lat' dir='ltr'>vos,</span> <span class='ocrx_word' id='word_1_119' title='bbox 353 2294 442 2333; x_wconf 88' lang='lat' dir='ltr'>nemo</span> <span class='ocrx_word' id='word_1_120' title='bbox 460 2294 475 2331; x_wconf 83' lang='lat' dir='ltr'>a</span> <span class='ocrx_word' id='word_1_121' title='bbox 499 2273 587 2352; x_wconf 83' lang='lat' dir='ltr'>pellat</span> <span class='ocrx_word' id='word_1_122' title='bbox 602 2272 797 2352; x_wconf 84' lang='lat' dir='ltr'>voluptatem.</span> <span class='ocrx_word' id='word_1_123' title='bbox 988 2273 989 2286; x_wconf 62' lang='lat'>¹</span> 
     </span>
     <span class='ocr_line' id='line_1_21' title="bbox 301 2350 946 2424; baseline -0.002 -12"><span class='ocrx_word' id='word_1_124' title='bbox 301 2352 437 2413; x_wconf 89' lang='lat' dir='ltr'>XXIV.</span> <span class='ocrx_word' id='word_1_125' title='bbox 494 2354 562 2424; x_wconf 89' lang='lat' dir='ltr'>ide,</span> <span class='ocrx_word' id='word_1_126' title='bbox 586 2373 702 2412; x_wconf 90' lang='lat' dir='ltr'>ne-non</span> <span class='ocrx_word' id='word_1_127' title='bbox 717 2351 826 2411; x_wconf 81' lang='lat' dir='ltr'>debeas</span> <span class='ocrx_word' id='word_1_128' title='bbox 849 2350 946 2411; x_wconf 71' lang='lat' dir='ltr'>verbis</span> 
     </span>
     <span class='ocr_line' id='line_1_22' title="bbox 264 2429 947 2510; baseline 0 -19"><span class='ocrx_word' id='word_1_129' title='bbox 264 2429 366 2491; x_wconf 84' lang='lat' dir='ltr'>nostris</span> <span class='ocrx_word' id='word_1_130' title='bbox 380 2434 439 2499; x_wconf 91' lang='lat' dir='ltr'>uti,</span> <span class='ocrx_word' id='word_1_131' title='bbox 453 2430 599 2491; x_wconf 82' lang='lat' dir='ltr'>sententiis</span> <span class='ocrx_word' id='word_1_132' title='bbox 613 2435 677 2492; x_wconf 84' lang='lat' dir='ltr'>tuis.</span> <span class='ocrx_word' id='word_1_133' title='bbox 689 2431 782 2510; x_wconf 75' lang='lat' dir='ltr'>Qubd</span> <span class='ocrx_word' id='word_1_134' title='bbox 797 2432 821 2489; x_wconf 85' lang='lat' dir='ltr'>si</span> <span class='ocrx_word' id='word_1_135' title='bbox 834 2431 947 2491; x_wconf 83' lang='lat' dir='ltr'>vultum</span> 
     </span>
     <span class='ocr_line' id='line_1_23' title="bbox 263 2507 948 2593; baseline 0.006 -26"><span class='ocrx_word' id='word_1_136' title='bbox 263 2510 334 2581; x_wconf 91' lang='lat' dir='ltr'>tibi,</span> <span class='ocrx_word' id='word_1_137' title='bbox 352 2512 375 2569; x_wconf 86' lang='lat' dir='ltr'>si</span> <span class='ocrx_word' id='word_1_138' title='bbox 387 2507 523 2568; x_wconf 81' lang='lat' dir='ltr'>incessunt</span> <span class='ocrx_word' id='word_1_139' title='bbox 538 2510 681 2593; x_wconf 85' lang='lat' dir='ltr'>fingeres,</span> <span class='ocrx_word' id='word_1_140' title='bbox 698 2513 756 2592; x_wconf 79' lang='lat' dir='ltr'>qub</span> <span class='ocrx_word' id='word_1_141' title='bbox 771 2512 891 2593; x_wconf 82' lang='lat' dir='ltr'>gravior</span> <span class='ocrx_word' id='word_1_142' title='bbox 901 2512 948 2571; x_wconf 78' lang='lat' dir='ltr'>vi·</span> 
     </span>
     <span class='ocr_line' id='line_1_24' title="bbox 263 2587 949 2662; baseline 0.003 -15"><span class='ocrx_word' id='word_1_143' title='bbox 263 2588 385 2662; x_wconf 86' lang='lat' dir='ltr'>detete,</span> <span class='ocrx_word' id='word_1_144' title='bbox 401 2610 460 2649; x_wconf 91' lang='lat' dir='ltr'>non</span> <span class='ocrx_word' id='word_1_145' title='bbox 476 2587 547 2649; x_wconf 83' lang='lat' dir='ltr'>effes</span> <span class='ocrx_word' id='word_1_146' title='bbox 563 2593 604 2649; x_wconf 88' lang='lat' dir='ltr'>tui</span> <span class='ocrx_word' id='word_1_147' title='bbox 618 2592 732 2649; x_wconf 86' lang='lat' dir='ltr'>similis:</span> <span class='ocrx_word' id='word_1_148' title='bbox 744 2590 836 2651; x_wconf 84' lang='lat' dir='ltr'>verba</span> <span class='ocrx_word' id='word_1_149' title='bbox 850 2606 881 2651; x_wconf 86' lang='lat' dir='ltr'>tu</span> <span class='ocrx_word' id='word_1_150' title='bbox 896 2588 949 2650; x_wconf 83' lang='lat' dir='ltr'>fin·</span> 
     </span>
     <span class='ocr_line' id='line_1_25' title="bbox 257 2669 947 2751; baseline 0.003 -23"><span class='ocrx_word' id='word_1_151' title='bbox 257 2689 325 2751; x_wconf 74' lang='lat' dir='ltr'>gas,</span> <span class='ocrx_word' id='word_1_152' title='bbox 335 2671 366 2728; x_wconf 71' lang='grc' dir='ltr'>ὃ(</span> <span class='ocrx_word' id='word_1_153' title='bbox 377 2690 411 2729; x_wconf 87' lang='lat' dir='ltr'>ea</span> <span class='ocrx_word' id='word_1_154' title='bbox 422 2669 510 2742; x_wconf 80' lang='lat' dir='ltr'>dicas,</span> <span class='ocrx_word' id='word_1_155' title='bbox 519 2690 583 2749; x_wconf 84' lang='lat' dir='ltr'>quae</span> <span class='ocrx_word' id='word_1_156' title='bbox 594 2691 653 2728; x_wconf 90' lang='lat' dir='ltr'>non</span> <span class='ocrx_word' id='word_1_157' title='bbox 664 2671 776 2744; x_wconf 82' lang='lat' dir='ltr'>sentias,</span> <span class='ocrx_word' id='word_1_158' title='bbox 787 2688 836 2730; x_wconf 86' lang='lat' dir='ltr'>aut</span> <span class='ocrx_word' id='word_1_159' title='bbox 849 2673 947 2744; x_wconf 82' lang='lat' dir='ltr'>etiam,</span> 
     </span>
     <span class='ocr_line' id='line_1_26' title="bbox 264 2748 948 2820; baseline 0 -10"><span class='ocrx_word' id='word_1_160' title='bbox 264 2768 295 2810; x_wconf 84' lang='lat' dir='ltr'>ut</span> <span class='ocrx_word' id='word_1_161' title='bbox 305 2748 451 2820; x_wconf 81' lang='lat' dir='ltr'>vestitum,</span> <span class='ocrx_word' id='word_1_162' title='bbox 460 2750 499 2807; x_wconf 87' lang='lat' dir='ltr'>sic</span> <span class='ocrx_word' id='word_1_163' title='bbox 511 2748 680 2809; x_wconf 83' lang='lat' dir='ltr'>sententiam</span> <span class='ocrx_word' id='word_1_164' title='bbox 689 2751 794 2810; x_wconf 82' lang='lat' dir='ltr'>habeas</span> <span class='ocrx_word' id='word_1_165' title='bbox 803 2751 888 2811; x_wconf 83' lang='lat' dir='ltr'>aliam</span> <span class='ocrx_word' id='word_1_166' title='bbox 898 2750 948 2810; x_wconf 89' lang='lat' dir='ltr'>do·</span> 
     </span>
     <span class='ocr_line' id='line_1_27' title="bbox 262 2828 948 2902; baseline 0 -11"><span class='ocrx_word' id='word_1_167' title='bbox 262 2829 429 2901; x_wconf 82' lang='lat' dir='ltr'>mesticam,</span> <span class='ocrx_word' id='word_1_168' title='bbox 443 2828 528 2888; x_wconf 85' lang='lat' dir='ltr'>aliam</span> <span class='ocrx_word' id='word_1_169' title='bbox 541 2829 700 2902; x_wconf 83' lang='lat' dir='ltr'>forensem,</span> <span class='ocrx_word' id='word_1_170' title='bbox 711 2851 742 2889; x_wconf 91' lang='lat' dir='ltr'>ut</span> <span class='ocrx_word' id='word_1_171' title='bbox 755 2833 785 2889; x_wconf 93' lang='lat' dir='ltr'>in</span> <span class='ocrx_word' id='word_1_172' title='bbox 796 2829 895 2891; x_wconf 83' lang='lat' dir='ltr'>fronte</span> <span class='ocrx_word' id='word_1_173' title='bbox 905 2852 948 2891; x_wconf 79' lang='lat' dir='ltr'>ot·</span> 
     </span>
     <span class='ocr_line' id='line_1_28' title="bbox 263 2911 947 2985; baseline 0.001 -15"><span class='ocrx_word' id='word_1_174' title='bbox 263 2913 387 2972; x_wconf 83' lang='lat' dir='ltr'>tentatio</span> <span class='ocrx_word' id='word_1_175' title='bbox 400 2912 455 2983; x_wconf 80' lang='lat' dir='ltr'>tit,</span> <span class='ocrx_word' id='word_1_176' title='bbox 469 2911 543 2970; x_wconf 88' lang='lat' dir='ltr'>intus</span> <span class='ocrx_word' id='word_1_177' title='bbox 553 2912 658 2971; x_wconf 85' lang='lat' dir='ltr'>veritas</span> <span class='ocrx_word' id='word_1_178' title='bbox 669 2911 849 2970; x_wconf 83' lang='lat' dir='ltr'>occultetur?</span> <span class='ocrx_word' id='word_1_179' title='bbox 862 2912 947 2985; x_wconf 82' lang='lat' dir='ltr'>vide,</span> 
     </span>
     <span class='ocr_line' id='line_1_29' title="bbox 258 2990 950 3071; baseline 0.003 -21"><span class='ocrx_word' id='word_1_180' title='bbox 258 2990 383 3069; x_wconf 74' lang='lat' dir='ltr'>quaeso,</span> <span class='ocrx_word' id='word_1_181' title='bbox 397 2990 543 3051; x_wconf 72' lang='lat' dir='ltr'>reciumne</span> <span class='ocrx_word' id='word_1_182' title='bbox 558 2994 603 3051; x_wconf 89' lang='lat' dir='ltr'>sit.</span> <span class='ocrx_word' id='word_1_183' title='bbox 620 2990 692 3050; x_wconf 90' lang='lat' dir='ltr'>Mihi</span> <span class='ocrx_word' id='word_1_184' title='bbox 704 2990 822 3071; x_wconf 88' lang='lat' dir='ltr'>quidem</span> <span class='ocrx_word' id='word_1_185' title='bbox 841 3010 884 3052; x_wconf 63' lang='grc' dir='ltr'>εκ</span> <span class='ocrx_word' id='word_1_186' title='bbox 900 3010 950 3052; x_wconf 73' lang='grc' dir='ltr'>νο·</span> 
     </span>
    </p>
   </div>
   <div class='ocr_carea' id='block_1_3' title="bbox 265 3070 950 3156">
    <p class='ocr_par' dir='ltr' id='par_1_3' title="bbox 265 3070 950 3156">
     <span class='ocr_line' id='line_1_30' title="bbox 265 3070 950 3156; baseline 0.009 -27"><span class='ocrx_word' id='word_1_187' title='bbox 265 3088 305 3131; x_wconf 75' lang='lat' dir='ltr'>te</span> <span class='ocrx_word' id='word_1_188' title='bbox 316 3070 449 3134; x_wconf 86' lang='lat' dir='ltr'>videntur</span> <span class='ocrx_word' id='word_1_189' title='bbox 460 3074 634 3152; x_wconf 80' lang='lat' dir='ltr'>opiniones,</span> <span class='ocrx_word' id='word_1_190' title='bbox 647 3091 710 3153; x_wconf 80' lang='lat' dir='ltr'>quae</span> <span class='ocrx_word' id='word_1_191' title='bbox 723 3071 869 3149; x_wconf 78' lang='lat' dir='ltr'>honeste,</span> <span class='ocrx_word' id='word_1_192' title='bbox 885 3092 950 3156; x_wconf 72' lang='lat' dir='ltr'>qua</span> 
     </span>
    </p>
   </div>
   <div class='ocr_carea' id='block_1_4' title="bbox 0 0 1079 4067">
    <p class='ocr_par' dir='ltr' id='par_1_4' title="bbox 0 0 1079 4067">
     <span class='ocr_line' id='line_1_31' title="bbox 0 0 1079 4067; baseline 0 0"><span class='ocrx_word' id='word_1_193' title='bbox 0 0 1079 4067; x_wconf 95' lang='lat' dir='ltr'> </span> 
     </span>
    </p>
   </div>
  </div>
 </body>
</html>
