2125 4067
247 522 410 592 Linea
446 535 686 591 renatos.
737 536 818 615 ¹55.

171 636 222 710 64.
242 635 390 697 Mundum
406 651 503 698 autem
514 633 632 696 censent
643 635 705 716 regi
717 640 819 697 numi-

97 787 103 797 Χ
126 738 167 778 ne
194 718 337 790 deorum,
359 737 485 796 eumque
503 714 559 777 else
581 717 662 796 quasi
683 736 820 777 commu·

128 818 205 858 nem
231 796 334 856 urbem
364 797 398 856 δι
426 798 572 857 civitatem
601 797 749 858 hominum
782 798 817 858 &

132 877 280 947 deorum3
303 876 336 935 δι
355 895 590 956 unumquemque
608 874 735 936 nostrilm
754 875 818 956 ejus

135 953 241 1015 mundi
261 952 318 1015 elle
336 970 450 1035 partem
468 975 478 1027 3
499 974 536 1015 ex
554 975 613 1034 quo
631 955 701 1015 illud
720 960 820 1021 naturi

133 1033 296 1116 consequi,
308 1052 340 1094 ut
353 1054 543 1096 communem
557 1034 707 1094 utilitatem
719 1036 821 1101 nostrte

131 1132 367 1198 anteponamus:
389 1132 421 1176 ut
436 1117 516 1177 enim
533 1115 616 1196 leges
632 1117 760 1174 omnium
775 1116 822 1177 sa·

131 1197 226 1259 lutem
249 1194 428 1279 singulorum
454 1193 535 1256 saluti
556 1212 741 1276 anteponunt
757 1215 767 1267 ;
786 1198 825 1259 sie

132 1279 309 1351 virbonus,
326 1276 357 1338 &
374 1276 506 1358 sapiens,
524 1274 685 1358 &legibus
701 1294 826 1356 parens,

135 1359 170 1419 &
186 1358 275 1420 civilis
292 1356 380 1418 officii
399 1379 460 1420 non
474 1360 611 1440 ignarus,
624 1357 741 1416 utilitati
755 1377 826 1417 om-

137 1441 219 1498 nium
243 1438 306 1518 plus
330 1437 524 1518 quimunius
547 1434 669 1515 alicujus
691 1454 741 1496 aut
767 1436 825 1497 suaa

139 1516 271 1579 consulit.
294 1517 359 1580 Nec
374 1520 466 1600 tnagis
478 1517 687 1600 vituperandus
704 1516 745 1579 est
755 1539 827 1599 pro·

136 1598 219 1658 'ditor
230 1599 347 1679 patriae,
360 1599 447 1680 quim
462 1601 623 1660 communis
636 1599 763 1659 utilitatis
776 1613 827 1660 aut

132 1679 232 1740 salutis
251 1678 407 1755 desertor,
429 1697 551 1763 propter
570 1678 648 1740 suam
669 1680 826 1741 utilitatem

137 1778 185 1820 aut
203 1758 341 1820 salutem:
358 1780 395 1821 ex
409 1782 468 1843 quo
488 1758 540 1839 fit,
559 1778 592 1823 ut
608 1760 770 1821 laudandus
787 1762 825 1820 sit

137 1844 188 1916 is,
209 1844 256 1923 qui
277 1858 404 1903 mortem
423 1859 547 1924 oppetat
567 1863 622 1922 pro
646 1841 826 1922 republica,

139 1922 219 2002 quod
239 1921 372 1997 doceat,
389 1922 532 1984 cariorem
553 1919 610 1983 esse
627 1924 751 2001 patriam
771 1943 828 1980 no·

138 2003 205 2078 bis,
222 2001 311 2084 quim
328 2001 520 2083 nosmetipsos
538 2023 547 2060 ε
567 2004 763 2082 quoniamque
780 2001 829 2061 illa

139 2105 203 2144 vox
227 2083 384 2144 inhumana
411 2083 443 2144 &
467 2081 602 2142 scelerata
627 2080 739 2142 ducitur
770 2100 830 2141 eo·

139 2169 208 2222 ¹rum
218 2206 230 2233 ,
250 2164 299 2241 qui
311 2179 417 2244 negant
434 2161 463 2222 se
481 2160 631 2236 recusate,
652 2163 713 2244 qul>
735 2164 832 2221 minias

143 2242 214 2322 ipsis
231 2243 352 2302 mortuis
374 2258 517 2301 terrarum
532 2244 663 2301 omnium
687 2241 833 2322 deflagra-

139 2326 186 2382 'tio
213 2319 405 2401 consequatur
425 2340 436 2393 3
459 2319 541 2401 quod
563 2320 676 2402 vulgari
703 2322 832 2401 quodam

141 2400 228 2467 versu
247 2399 357 2462 Graeco
374 2401 556 2484 pronuntiari
572 2399 665 2462 solet:
684 2402 761 2463 certe
777 2422 831 2464 ve·

142 2504 208 2545 rum
225 2481 290 2557 est,
313 2485 399 2544 etiarn
415 2485 469 2558 iis,
494 2485 542 2565 qui
564 2483 719 2565 aliquando
743 2482 832 2545 sututi

142 2566 219 2638 sint,
235 2562 291 2625 esse
324 2582 424 2646 topter
434 2563 512 2647 ipsos
526 2564 747 2627 consulendum.

186 2643 260 2705 XX.
311 2666 330 2704 x
345 2646 399 2706 hac
415 2649 578 2706 animorum
597 2645 751 2707 affeslione
768 2661 834 2705 tes-

141 2726 275 2786 tamenta
298 2725 622 2807 commendationesque
645 2727 834 2786 morientium

145 2820 223 2865 natae
246 2803 326 2862 sunt:
350 2805 486 2884 quddque
509 2826 603 2867 nemo
625 2808 655 2877 in
677 2803 834 2865 solitudine

146 2885 241 2946 vitant
255 2900 341 2962 agere
357 2884 449 2956 velit,
467 2903 504 2942 ne
516 2905 583 2942 cum
592 2882 702 2944 infinita
715 2881 836 2962 quidem

143 2964 335 3046 voluptatum
349 2961 545 3040 abundantia3
559 2962 836 3108 fatileguelligitur,

700 3065 733 3128 vJ
