2125 4067
189 505 268 565 '222
341 490 417 560 Da
456 504 701 559 stainos

190 608 341 667 hominem
358 606 390 666 &
403 604 518 664 suavem
534 602 772 683 Hieronymum
827 622 873 664 enr

189 685 249 768 jam
267 706 318 745 cur
340 684 561 766 Peripateticum
583 682 731 765 appellem
750 704 787 745 ne
801 688 846 744 cio
864 705 874 757 ;

186 766 332 827 summum
359 769 437 827 enirn
454 765 566 825 bonum
589 764 723 845 exposuit
741 767 872 825 vacuita-

187 850 252 907 ’κω
273 847 384 906 doloris
404 868 410 904 :
428 847 476 927 qui
494 860 591 905 autem
608 843 776 905 desummo
793 845 872 905 bono

185 924 334 999 uisentis,
351 927 392 986 de
405 943 469 986 tora
485 922 677 1006 philosophiae
688 927 804 986 ratione
820 926 873 985 dis·

189 1006 284 1069 sentit.
308 1005 456 1068 Critolaus
471 1006 576 1065 imitari
596 1006 731 1085 antiquos
752 1006 871 1078 voluit,

191 1086 225 1148 ἃ
243 1087 361 1168 quidem
377 1085 418 1147 est
431 1088 572 1169 gravitate
584 1087 755 1166 proximus,
775 1086 809 1147 &
825 1104 871 1146 rc·

187 1168 301 1228 'eiundat
320 1170 431 1228 oratio:
446 1182 574 1226 attamen
591 1169 615 1223 is
633 1164 754 1245 quidem
769 1166 800 1225 in
820 1186 870 1246 pa·

188 1250 251 1308 ariis
268 1247 398 1308 institutis
417 1263 526 1307 manet.
546 1243 722 1318 Diodorus,
740 1241 804 1323 ejus
821 1266 869 1305 au·

189 1327 289 1401 dnos,
308 1326 437 1408 adjungit
449 1326 487 1386 ad
502 1324 685 1386 honestatem
696 1327 868 1386 vacuitatem

188 1406 310 1467 doloris.
327 1408 384 1468 Hic
440 1426 520 1489 oque
532 1405 596 1465 suus
613 1403 676 1477 esi3
690 1404 729 1465 de
748 1404 868 1467 summo·

188 1506 245 1568 que
259 1488 340 1548 bono
360 1429 546 1560 disseiatiens,
563 1485 618 1545 dici
631 1486 703 1546 reti
724 1482 869 1566 Peripate·

186 1565 869 1709 {iiiiii”iiiiiiuiiffiii'iisiii

186 1728 320 1809 persequi
349 1727 565 1810 diligentissime
587 1748 597 1801 ;
623 1745 711 1807 quam
737 1726 869 1787 eamdem

186 1808 351 1869 Aristotelis
369 1806 449 1869 fuisse
466 1808 498 1867 &
516 1806 686 1867 Polemonis
701 1804 802 1867 docet.

229 1887 289 1947 VI.
313 1889 394 1949 Facit
411 1890 496 1970 igitur
512 1887 617 1947 Lucius
632 1883 731 1948 noster
743 1885 868 1968 parder-

185 1982 251 2043 ter,
270 1971 319 2050 qui
339 1967 438 2029 audire
458 1968 495 2028 de
517 1966 734 2027 summobono
756 1966 869 2048 potissi·

184 2050 267 2108 mim
283 2050 372 2110 velit:
393 2049 451 2108 hoc
463 2048 542 2108 enim
556 2044 710 2108 constituto
727 2047 757 2105 in
776 2045 868 2127 pliilo·

183 2127 308 2210 sophia,
328 2127 481 2189 constituta
503 2126 566 2186 sunt
586 2129 704 2187 omnia:
727 2148 796 2186 narn
819 2143 867 2184 ce·

184 2212 255 2270 teris
278 2212 308 2270 in
336 2209 421 2270 rebus
445 2210 508 2268 sive
533 2205 779 2286 praetermissum,
809 2207 869 2264 sive

182 2290 349 2369 ignoratum
367 2287 407 2351 esi
425 2290 571 2370 quippiam
583 2332 593 2361 ,
604 2307 663 2346 non
684 2288 749 2368 plus
760 2288 870 2345 incom-

183 2370 266 2428 modi
282 2370 342 2445 est,
353 2370 439 2450 quiam
453 2370 551 2450 quanti
567 2387 688 2448 quaeque
707 2386 802 2427 earum
821 2383 868 2424 re·

181 2466 248 2506 runt
266 2447 325 2522 est,
342 2453 371 2507 in
385 2451 488 2528 quibus
501 2448 665 2528 neglekium
684 2445 726 2508 est
743 2444 867 2527 aliquid3

180 2525 325 2586 summum
345 2546 442 2588 autem
464 2529 576 2587 bonum
593 2530 615 2587 si
632 2530 801 2609 ignoretur,
821 2527 869 2585 vi·

180 2605 273 2669 vendi
297 2609 438 2668 rationem
460 2609 586 2689 ignorari
607 2605 719 2669 necesse
740 2605 809 2680 est·;
832 2625 868 2667 ex

182 2708 242 2770 quo
262 2704 357 2747 tantus
377 2707 459 2749 error
480 2687 680 2768 consequitur,
699 2703 759 2763 ut,
780 2706 867 2767 quem

180 2771 211 2830 in
228 2784 345 2851 portum
358 2767 386 2829 se
402 2770 542 2849 recipiant
552 2813 562 2840 ‚
574 2768 645 2830 scire
659 2788 720 2828 non
739 2770 869 2849 possint:

180 2852 303 2933 cognitis
317 2866 412 2911 autem
430 2870 525 2910 rerum
537 2848 640 2909 sinibus
650 2895 660 2924 ,
672 2869 764 2930 quum
782 2847 870 2907 intel·

177 2931 294 3013 ligitur,
305 2931 374 3012 quid
390 2934 426 2991 sit
444 2931 475 2990 &
495 2931 641 2990 bonorum
660 2946 826 2990 extremum
838 2928 870 2989 &t

181 3012 343 3087 malorum,
360 3014 479 3071 inventa
493 3013 561 3070 vitae
577 3013 625 3070 via
641 3008 682 3071 est
699 3008 870 3073 conforme·

181 3089 283 3173 tioquc
298 3093 429 3154 omniurn
445 3089 619 3152 officiorum.
