2125 4067
520 456 530 497 i

246 566 328 648 324
374 546 795 616 rostratarum

244 660 286 726 est
310 658 399 722 causae
416 705 426 735 ‚
446 664 514 743 quin
542 662 650 722 amicos
674 658 790 721 nostros
811 654 927 718 Stoicos¹

242 743 440 814 dimittamus3
461 762 514 802 eos
535 741 624 815 dico,
644 743 692 822 qui
713 743 793 800 aiunt
815 740 925 797 animos

242 841 383 895 manere,
400 841 417 882 e
434 842 560 902 corpore
576 841 664 902 quum
678 817 848 881 excesserint
858 863 868 892 ‚
879 816 926 878 sed
948 870 953 879 .

241 923 305 967 uon
323 900 436 981 semper
454 901 466 961 ἓ
486 902 526 963 Α.
542 900 615 961 lstos
633 902 707 962 verb
724 922 734 974 ;
752 901 803 980 qui
818 943 828 972 ‚
845 897 926 1037 puod
971 968 974 974 Ι

243 996 309 1044 tota
328 985 358 1042 in
376 982 431 1041 hac
446 982 526 1042 causa
545 980 742 1042 difficillimum
759 977 802 1040 est
816 1023 841 1053 ‚„
857 977 927 1037 usci-

243 1065 347 1145 pitmt‚
363 1060 445 1142 posse
456 1065 583 1123 animum
601 1081 720 1122 manere
736 1077 863 1139 corpore
873 1079 925 1118 va·

243 1160 384 1202 cantem:
413 1141 483 1215 illud
507 1159 603 1201 autem
618 1185 629 1214 ,
647 1141 728 1221 quod
750 1161 813 1200 nort
836 1138 924 1198 modi>

244 1221 330 1283 facile
343 1222 380 1281 ad
392 1221 569 1282 credendum
586 1219 648 1293 est,
661 1220 712 1281 sed
725 1240 763 1280 eo
779 1216 924 1291 concesso,

244 1303 328 1442 2⁰⁰d
345 1303 470 1375 volunt,
492 1300 693 1382 consequens,
714 1301 749 1359 id
765 1299 845 1360 certe
866 1320 924 1358 noa

268 1404 283 1441 a

285 1398 336 1455 nt,
354 1398 404 1454 ut,
443 1401 511 1441 uum
529 1383 577 1440 dr'u
595 1378 805 1460 permanserit,
825 1399 863 1439 ne
879 1382 925 1437 im-

244 1478 347 1522 tereat.
368 1461 414 1521 M.
423 1402 517 1522 dene
537 1461 753 1542 reprehendis:
773 1460 807 1520 &
826 1459 859 1520 se
874 1460 925 1521 isio

243 1541 341 1604 modo
355 1560 400 1601 res
413 1542 510 1602 habet.

285 1639 337 1699 79.
361 1619 523 1680 Credamus
538 1622 624 1744 ipitur
637 1619 786 1695 Panaetio,
801 1619 926 1681 aptatos

242 1719 287 1762 rte
305 1701 356 1761 suo
376 1699 564 1762 dissentienti.
588 1722 676 1784 quem
694 1703 773 1762 enim
793 1700 925 1762 omnibus

243 1781 315 1842 locis
347 1781 505 1855 divinum,
536 1803 624 1864 quem
654 1781 924 1860 sapientissimum,

241 1880 333 1943 quem
345 1860 567 1936 sansiissimum,
581 1881 669 1943 quem
680 1862 849 1923 Homerum
859 1862 924 1943 phi-

235 1941 433 2024 'iosophorum
457 1943 610 2024 appellat,
631 1939 721 2019 huius-
738 1941 815 2002 hauc
839 1963 924 2002 unam

243 2020 415 2083 sententiam
448 2023 489 2084 de
514 2023 729 2083 immortalitate
762 2024 923 2083 animorum

243 2122 307 2164 non
323 2103 448 2184 probat:
468 2103 530 2163 vuit
550 2106 650 2176 enim,
668 2101 749 2183 quod
761 2122 853 2164 nemo
870 2123 924 2164 ne·

241 2200 314 2265 gat,
332 2182 470 2265 quidquid
489 2200 594 2245 natum
610 2186 665 2255 sit,
686 2183 802 2242 interire
823 2204 833 2256 3
852 2183 924 2243 nasci

241 2281 341 2323 autem
362 2267 492 2337 animos,
515 2264 595 2345 quod
617 2263 742 2322 declarat
760 2282 864 2322 eorum
883 2267 922 2323 si-

241 2344 377 2404 militudo
395 2348 442 2425 qui
463 2360 676 2424 procreantur,
700 2362 765 2422 quae
785 2347 873 2403 etiam
892 2346 920 2402 in

238 2423 380 2501 ingeniis,
402 2444 462 2481 non
481 2423 572 2483 solum
594 2428 622 2482 in
637 2422 808 2502 corporibus
829 2439 920 2502 appa·-

238 2517 320 2560 reat:
338 2502 457 2560 alteram
475 2522 572 2563 aurem
589 2501 672 2562 affert
690 2506 852 2576 rationem3
873 2504 919 2560 ni·

239 2580 280 2640 trit
299 2577 376 2654 esse,
388 2581 469 2662 quod
481 2583 598 2654 doleat,
610 2585 679 2663 quin
695 2583 725 2641 id
744 2596 851 2664 aegrum
862 2579 917 2641 esse

123 2662 128 2670 '
226 2680 358 2744 ‘quoque
378 2663 470 2741 possit
486 2682 503 2757 3.
518 2664 601 2742 quod·
623 2679 718 2722 autem
737 2665 768 2721 in
786 2661 920 2721 morbum

238 2741 341 2815 eadat,
354 2742 384 2800 id
397 2745 484 2825 etiam
495 2746 696 2803 mteriturum:
711 2743 815 2803 dolere
826 2760 922 2804 auteur

239 2824 351 2886 animos
363 2841 372 2894 ;
386 2843 456 2905 ergo
465 2826 561 2900 'etiam
575 2825 703 2885 inretire.

259 2901 453 2966 Jxxxl11·.
480 2905 554 2964 Haec
574 2903 667 2963 refelli
690 2900 808 2984 possunt
829 2923 844 2964 r·
862 2900 921 2963 suut

240 2987 318 3046 enim
334 2986 510 3065 ignorantis,
530 3005 619 3066 quum
634 2984 671 3056 de
687 2985 921 3045 aetemitateani·

238 3083 353 3131 morum
364 3064 495 3137 dicatur,
506 3064 550 3127 de·
559 3080 659 3128 meme
673 3063 750 3141 dici,
763 3062 923 3148 qua-omni
