2125 4067
271 506 433 582 brusa:
458 522 669 579 rnrravs.
739 516 819 603 301

140 621 247 684 eodem
265 624 326 704 ipso
348 644 410 684 non
427 625 536 683 invitus
555 622 719 683 erraverim.
737 621 821 682 Num

137 706 223 784 igitur
249 705 412 764 dubitamus
435 705 509 762 sicut
527 703 692 782 pleraque,
714 703 755 763 sic
784 704 820 763 &

135 782 217 842 hoc-i
239 782 447 920 §quamquam
465 782 523 841 hoc
541 781 657 861 quidem
675 782 819 856 minime3

134 861 240 943 persua
262 879 311 921 ent
327 865 405 921 enim
424 859 643 940 mathematici)
663 875 768 921 terram
786 864 820 923 io

135 941 241 1001 medio
256 941 357 1001 mundi
370 943 453 1000 sitam
468 940 504 1017 ad
516 941 642 999 universi
656 940 722 999 coeli
735 962 820 1002 com-

135 1022 259 1101 plexum
293 1023 352 1081 uasi
363 1018 461 1100 punsli
471 1016 555 1078 instar
571 1019 722 1091 obtinere,
740 1020 821 1099 quod

134 1103 233 1176 κέντρον
257 1042 299 1159 illi
330 1116 439 1162 vocant
462 1118 469 1157 :
495 1118 562 1159 eam
582 1098 671 1177 porri>
691 1116 822 1161 naturam

136 1177 195 1240 elle
208 1198 333 1260 quatuor
346 1182 446 1240 omnia
476 1180 636 1259 ignentium
649 1198 822 1258 corporum„

135 1276 168 1318 ut
192 1263 273 1341 quasi
294 1263 400 1340 partita
416 1199 542 1318 habeant
563 1259 639 1317 inter
667 1257 696 1319 se
723 1258 756 1318 &
774 1258 823 1319 di·

135 1338 195 1401 visa
215 1351 385 1402 momenta:
404 1356 519 1400 terrena
533 1339 566 1398 δι
584 1337 703 1397 humida
715 1336 821 1418 suopte

134 1437 205 1479 nutu
231 1421 264 1481 &
293 1419 343 1481 suo
371 1419 503 1500 pondere
523 1417 561 1479 ad
584 1437 669 1498 pares
697 1419 820 1512 angulos

133 1499 166 1559 in
191 1517 296 1566 terram
322 1499 354 1560 &
371 1501 402 1558 in
421 1518 500 1559 mare
523 1497 673 1571 serantur3
696 1500 749 1559 reli
771 1519 817 1559 uae

134 1579 201 1638 duae
224 1596 342 1659 partes,
360 1598 419 1638 una
436 1581 548 1660 ignea,
563 1579 652 1639 altera
669 1520 817 1653 animssis,

134 1676 167 1718 ut
178 1659 234 1718 illae
249 1658 408 1740 superiores
421 1680 451 1719 m
460 1657 588 1719 medium
600 1658 697 1720 locum
713 1660 817 1721 mundi

131 1739 275 1878 pravitate
301 1735 429 1801 serantur
455 1737 645 1833 &pondere
666 1784 677 1813 ‚
703 1742 744 1801 sic
769 1741 815 1801 ha

144 1818 236 1881 ursum
263 1818 347 1883 reslis
377 1819 459 1882 lineis
478 1840 516 1881 ,ru
540 1817 688 1883 coelestem
715 1820 814 1887 locum

98 1910 106 1919 '
132 1898 315 1976 subvolent,
345 1901 407 1962 sive
437 1897 505 1981 ipsa
535 1899 637 1960 natura
667 1898 817 2037 superiora

133 1999 328 2061 appetentes,
349 1983 411 2042 sive
430 1979 545 2061 qubda
585 1980 693 2040 raviori
714 2001 747 2039 us
768 1982 817 2042 le·

131 2064 216 2121 viora
238 2061 340 2120 natura
355 2060 540 2139 repellantur.
552 2001 629 2138 (lum
641 2078 729 2138 quum
744 2080 817 2119 con·

129 2138 208 2202 stent
226 2184 237 2214 ,
262 2138 442 2221 perspicuum
462 2139 552 2199 debet
571 2137 655 2210 elle,
673 2141 815 2214 animos,

129 2241 222 2302 quum
240 2240 258 2281 e
277 2241 400 2299 corpore
422 2217 607 2292 excesserint,
625 2219 688 2279 siue
707 2219 749 2278 illi
758 2222 816 2282 sint

131 2299 295 2373 animales,
315 2299 344 2359 id
364 2298 426 2373 est,
445 2298 615 2378 spirabiles,
634 2299 697 2359 sive
712 2301 816 2380 ignei,

130 2381 250 2448 sublime
267 2379 344 2442 setri.
357 2378 388 2441 Si
398 2380 472 2442 verb
485 2395 534 2440 aut
549 2397 683 2440 numerus
695 2379 814 2460 quidam

131 2464 323 2535 siraninus,
352 2460 432 2544 quod
452 2459 590 2525 subtiliter
612 2461 704 2543 magis
723 2460 813 2543 quius

130 2542 253 2603 dilucide
275 2543 398 2616 dicitur,
419 2559 469 2603 aut
492 2544 591 2625 quinta
610 2542 657 2603 illa
674 2562 735 2603 non
749 2565 811 2605 no·

129 2625 237 2691 minata
250 2625 340 2703 magis
353 2623 441 2703 quim
456 2642 517 2684 nou
533 2622 677 2684 intellesla
691 2639 812 2697 aarum

128 2703 222 2764 multb
241 2705 330 2763 etiam
347 2705 504 2783 integriora
521 2724 555 2762 ac
600 2704 696 2762 uriora
716 2701 810 2776 sunt,

126 2799 160 2847 ut
178 2805 195 2841 a
211 2799 288 2842 tetra
307 2780 474 2860 longissime
492 2781 522 2841 se
544 2724 675 2841 eflbtant.
690 2781 811 2841 Horum

125 2864 216 2944 igitur
233 2858 339 2940 aliquid
359 2857 400 2922 est
416 2861 547 2931 animus,
568 2877 606 2918 ne
624 2877 685 2919 tam
701 2877 810 2939 vegeta

126 2961 212 3003 mens
243 2939 338 2999 autin
365 2938 455 2999 corde
481 2935 672 3012 cerebrove,
701 2956 750 2998 aut
776 2940 811 3009 in

126 3019 331 3106 Empedocleo
345 3015 631 3108 tuguniensem
641 3014 752 3115 iaceat·
762 3078 783 3093 ,,
798 3058 808 3115 4·
