2125 4067
179 468 234 545 54
341 446 420 519 Du
452 462 697 518 mutuus

178 560 394 641 voluptatibus,
413 563 446 623 &
461 583 549 637 eum,
565 564 614 644 qui
632 564 774 623 crucietur
788 560 867 624 sumi

179 643 234 700 mis
261 640 409 702 doloribus
430 688 441 719 ,
462 641 519 705 elle
542 663 638 719 euru,
661 645 710 726 qui
738 662 867 726 utroque

180 738 288 785 careat.
385 794 389 801 Ι

219 798 261 861 V.
285 798 393 863 Satisne
407 802 494 885 igitur
509 803 614 865 videor
629 805 690 865 vim
704 801 867 863 verborum

178 896 301 957 tenere3
316 904 353 943 an
365 879 426 943 sum
443 886 528 945 etiam
543 905 619 944 nunc
633 885 684 944 vel
700 879 807 944 Graece
821 884 867 943 lo·

202 963 249 1035 ui,
266 962 316 1023 vel
332 960 433 1025 Latine
452 961 625 1033 docendus?
641 961 679 1024 Et
700 980 800 1024 tamen
818 965 868 1022 vi·

181 982 220 1104 le
236 1088 246 1117 ,
261 1032 319 1116 ue',
337 1045 360 1103 ti
379 1064 435 1126 ego
451 1066 512 1105 uon
531 1043 688 1125 intelligam
705 1043 774 1124 quid
795 1040 868 1123 Epi·

182 1144 265 1193 curus
282 1122 434 1203 loquatur,
450 1145 540 1206 quum
557 1123 682 1196 Graece,
698 1141 729 1182 ur
741 1122 866 1197 videor,

171 1202 340 1263 'luculenter
363 1201 476 1278 sciam,
500 1208 536 1265 sit
559 1205 652 1285 aliqua
675 1203 759 1283 culpa
780 1199 867 1280 ejus,

180 1276 232 1421 gui
249 1284 287 1341 ita
304 1282 769 1377 loquatur,utnonintelligatur:
784 1280 867 1363 quod

204 1359 296 1422 uobus
315 1363 409 1422 modis
435 1367 496 1424 sine
516 1363 741 1446 reprehensione
761 1359 794 1421 fit
814 1383 824 1435 3
842 1363 867 1421 si

180 1458 230 1502 aut
249 1441 286 1503 de
303 1441 438 1504 industria
448 1443 551 1518 facias,
568 1461 600 1503 ut
615 1442 800 1516 Heraclitus,
813 1463 866 1501 co-

183 1541 346 1663 {nomento
368 1525 416 1603 qui
437 1532 560 1589 σωκνὸς
582 1524 780 1604 perhibetur,
800 1524 873 1603 quia¹

205 1622 221 1662 e
245 1621 345 1663 natura
361 1605 444 1663 nimis
463 1601 588 1663 obscure
602 1602 799 1674 memoravit;
817 1617 867 1664 aut

204 1703 271 1742 uum
289 1704 385 1744 rerum
401 1681 553 1743 obscuritas
571 1728 581 1758 ,
602 1705 662 1743 non
683 1682 866 1757 verborum,

183 1703 278 1835 lacit,
300 1779 331 1822 ut
356 1785 416 1823 non
438 1763 613 1845 intelligatur
636 1766 752 1836 oratio,
774 1762 867 1845 qualia

184 1842 225 1909 est
235 1846 264 1903 in
275 1840 390 1904 Timaeo
400 1842 538 1904 Platonis.
551 1843 690 1924 Epicurus
702 1860 799 1903 autem
811 1887 821 1916 ,
833 1859 867 1905 ut

182 1928 312 2006 opinor,
331 1945 386 1984 nec
404 1946 464 1985 uon
485 1925 548 1984 vult
556 1969 568 1996 ,
581 1927 605 1984 si
613 1925 723 2004 possit,
734 1923 820 2004 plane
831 1922 867 1993 δι

183 2007 284 2104 aperte
302 2006 398 2085 loqui:
417 2026 471 2066 nec
487 2005 523 2067 de
535 2024 566 2065 re
576 2002 713 2076 obscuri,
732 2020 763 2063 ut
783 2001 823 2083 ph
848 2033 868 2051 -

184 2089 254 2160 stci3
277 2104 325 2146 aut
343 2083 514 2159 artificiosi,
534 2102 565 2144 ut
584 2084 797 2156 mathematici3
828 2081 868 2147 ed

184 2166 223 2228 de
244 2165 342 2228 illustri
358 2167 389 2227 ὃ(
405 2165 499 2238 facili,
520 2168 608 2226 etiam
628 2168 657 2226 in
674 2165 778 2246 vulgus
795 2183 867 2243 per-

184 2249 322 2331 vulgata,
341 2248 477 2384 loffuitur.
497 2247 684 2326 Quamquam
700 2265 760 2303 uon
778 2263 866 2382 nepa.

184 2329 220 2385 ris
238 2346 292 2385 nos
307 2326 376 2384 intel
388 2330 484 2407 igere,
505 2326 575 2406 quid
590 2329 626 2384 sit
641 2325 798 2406 voluptas,
829 2322 867 2386 ed

184 2405 254 2486 quid
277 2405 325 2466 ille
348 2405 445 2464 dicat:
471 2425 566 2484 equo
589 2403 729 2479 efficitur,
750 2424 811 2464 non
833 2419 867 2467 ut

184 2507 239 2546 nos
262 2507 322 2546 noo
342 2486 430 2547 intelli
453 2505 532 2544 amus
549 2505 648 2565 ,quae
668 2487 712 2546 vis
731 2485 768 2544 sir
790 2481 867 2547 istinc

183 2565 345 2647 uerbi‚sed
363 2582 394 2627 ut
413 2506 462 2628 ille
473 2563 523 2625 suo
539 2586 622 2628 more
636 2565 867 2649 loquatur,not·

184 2664 261 2709 trum
278 2647 414 2742 negligat.
849 2680 853 2687 -

230 2727 274 2789 16.
298 2727 327 2789 Si
348 2729 426 2786 enim
442 2723 521 2784 idem
542 2723 634 2798 dicit,
652 2724 732 2804 quod
756 2724 866 2785 Hiero·

184 2829 311 2889 nymus,
329 2808 378 2889 qui
394 2807 489 2868 censet
502 2804 643 2866 summum
662 2806 772 2865 bonum
787 2803 867 2876 effe,

183 2889 245 2950 siue
263 2890 319 2949 ulla
337 2885 466 2949 molestia
482 2889 581 2948 vivere
600 2907 609 2959 3
628 2906 677 2944 cur
693 2884 804 2955 mavult
822 2884 869 2944 di·

182 2987 248 3039 cere
265 2968 469 3053 voluptatem,
485 2966 572 3052 quam
588 2963 869 3036 vacuitatemdolo·
