2125 4067
165 548 247 630 {126
332 546 413 616 Dr
451 561 706 618 rrrcravs

210 678 256 741 ις.
274 658 454 722 Facillimum
471 660 703 744 idquitiemest‚
721 662 856 745 inquam

168 741 192 802 si
210 743 287 802 enim
305 743 418 804 Zenoni
436 742 534 818 licuit,
546 763 636 838 quum
650 762 714 803 rem
733 743 858 826 aliquam

168 820 323 883 inveniffet
343 827 536 897 inusitatam,
556 822 718 884 inauditum
737 843 857 921 qnoque

169 905 859 1068 325321'3035221322021223113113'33{¹5:23

169 1065 211 1125 bo
227 1063 340 1127 necesse
357 1070 431 1142 erit,
447 1083 479 1127 ut
490 1069 662 1148 interpretes
672 1064 858 1128 indisertiso-

170 1144 255 1219 lent,
276 1168 365 1229 quutn
385 1150 421 1208 sit
434 1147 578 1223 verbum,
640 1146 680 1207 od
702 1146 787 1208 idern
806 1148 859 1208 dea
883 1198 891 1217 .,

171 1225 290 1301 claret,
319 1231 409 1310 magis
437 1229 585 1288 usitatum.
599 1168 758 1310 {quidem
779 1227 859 1290 soleo

172 1310 288 1379 etiarn,
310 1309 391 1390 quod
413 1329 474 1368 uno
498 1306 623 1381 Graeci,
644 1310 669 1368 si
692 1307 776 1368 aliter
800 1328 859 1369 non

172 1386 306 1469 poffurn,
324 1388 404 1449 idern
424 1388 553 1470 pluribus
572 1388 670 1450 verbis
691 1408 858 1470 exponere:

175 1467 324 1528 &tamen
342 1486 419 1550 puto
445 1469 569 1531 concedi
589 1468 675 1530 nobis
697 1486 858 1550 oportere,

174 1564 207 1607 nt
223 1545 330 1609 Graeeo
353 1552 448 1612 verbo
465 1567 602 1625 utamur,
620 1549 644 1610 si
661 1550 782 1632 quando
804 1551 860 1611 mi·

174 1630 229 1689 oirs
247 1647 380 1690 occurret
396 1630 532 1692 Latinum
550 1676 560 1705 ,
580 1650 618 1690 ne
636 1629 695 1690 hoc
718 1631 861 1714 ephippiis

177 1708 211 1770 δι
230 1712 428 1791 acratophoris
445 1714 560 1792 potiirs,
575 1710 661 1850 poam
675 1713 861 1794 proegmenis

177 1789 210 1848 &
226 1795 471 1874 apoproegrnenis
482 1812 574 1854 conce
596 1808 673 1851 atur:
687 1810 862 1874 quamquem

175 1868 237 1928 haec
255 1871 373 1952 quidem
379 1876 529 1956 praeposr'ta
540 1871 617 1934 ῐεᾶὲ
630 1872 661 1932 &
675 1870 773 1952 rejecta,
787 1873 863 1934 dice*

176 1969 210 2012 re
228 1950 336 2012 licebit.
355 1951 436 2014 Bene
457 1952 554 2026 facis,
576 1953 692 2033 inquit,
713 1953 797 2034 qood
814 1970 862 2014 me

178 2027 318 2105 adjuvas:
341 2033 372 2092 &
392 2031 449 2092 istis
464 2033 606 2113 quidem,
626 2052 689 2114 quae
704 2033 800 2094 ruodo
818 2033 862 2092 di·

176 2109 240 2172 xisti
252 2158 261 2186 ,
281 2129 344 2172 utar
356 2115 454 2192 potiirs
464 2113 588 2173 Latinis:
599 2117 628 2172 in
640 2116 744 2173 ceteris
759 2113 864 2175 subse«

178 2195 267 2268 tries,
290 2194 315 2252 si
332 2213 381 2254 me
403 2193 562 2254 haerentem
580 2193 706 2268 videbis·
725 2192 864 2268 sedric,

180 2275 318 2355 inquam,
335 2274 449 2335 faciam.
460 2274 519 2335 Sed
530 2273 651 2335 Fortuna
656 2268 763 2352 fimes:
776 2292 864 2358 quare

179 2373 308 2426 conare,
327 2355 442 2435 quaeso:
460 2356 530 2437 quid
546 2356 625 2417 enim
642 2355 700 2419 hoc
718 2355 865 2438 possumus

179 2452 267 2513 agere
281 2434 404 2493 divinius
415 2435 426 2496 ἓ

223 2511 264 2570 V.
286 2510 384 2572 Placet
404 2514 448 2573 his
467 2558 478 2586 ,
501 2515 620 2596 inquit,
643 2535 768 2596 qnorum
789 2518 865 2578 ratio

179 2592 252 2655 rnihi
268 2592 425 2671 probatur,
438 2594 522 2654 simul
537 2612 623 2679 atque
637 2613 737 2659 natum
748 2600 785 2657 sit
801 2599 868 2659 ani-

182 2674 240 2733 mal
257 2671 270 2754 (
285 2673 350 2733 hinc
367 2676 444 2737 enim
460 2674 500 2739 est
516 2676 713 2749 ordiendum)
726 2677 819 2759 ipsum
830 2677 867 2738 si·

180 2753 211 2815 bi
228 2756 371 2817 conciliari
385 2757 418 2820 δε
433 2757 634 2820 commendari
652 2755 731 2819 adst
751 2758 868 2820 confer·

181 2836 334 2912 vandum,
353 2836 396 2899 ἂι
409 2837 538 2899 adsuunt
555 2836 679 2911 statum,
699 2839 732 2899 &
750 2839 792 2900 ad
811 2858 868 2915 ea,

181 2935 245 3057 puae
263 2917 461 2982 conservantia
471 2919 535 2979 sunt
548 2916 609 2996 ejus
625 2915 731 2993 statiis,
746 2920 869 3004 diligen·

203 3018 241 3069 a;
260 2999 378 3060 alienari
393 3019 492 3061 autern
507 3001 544 3061 ab
559 3001 692 3072 interitu,
710 2999 800 3081 iisque
822 3022 870 3062 re·

182 3072 259 3150 bus,
279 3081 507 3165 quariitteritunr
523 3080 676 3146 videantur
694 3079 823 3148 afferres
838 3081 872 3148 ia
