<?xml version="1.0" encoding="UTF-8"?>
<!DOCTYPE html PUBLIC "-//W3C//DTD XHTML 1.0 Transitional//EN"
    "http://www.w3.org/TR/xhtml1/DTD/xhtml1-transitional.dtd">
<html xmlns="http://www.w3.org/1999/xhtml" xml:lang="en" lang="en">
 <head>
  <title>
</title>
<meta http-equiv="Content-Type" content="text/html;charset=utf-8" />
  <meta name='ocr-system' content='tesseract 3.04.00' />
  <meta name='ocr-capabilities' content='ocr_page ocr_carea ocr_par ocr_line ocrx_word'/>
</head>
<body>
  <div class='ocr_page' id='page_1' title='image "./mtulliiciceroni00lallgoog_0245.png"; bbox 0 0 2125 4067; ppageno 0'>
   <div class='ocr_carea' id='block_1_1' title="bbox 309 486 878 585">
    <p class='ocr_par' dir='ltr' id='par_1_1' title="bbox 309 486 878 585">
     <span class='ocr_line' id='line_1_1' title="bbox 309 486 878 585; baseline -0.005 -24"><span class='ocrx_word' id='word_1_1' title='bbox 309 486 468 561; x_wconf 79' lang='lat' dir='ltr'>&#39;Lrnnn</span> <span class='ocrx_word' id='word_1_2' title='bbox 507 492 750 575; x_wconf 70' lang='lat' dir='ltr'>ovinius.</span> <span class='ocrx_word' id='word_1_3' title='bbox 801 494 878 585; x_wconf 68' lang='lat'>253</span> 
     </span>
    </p>
   </div>
   <div class='ocr_carea' id='block_1_2' title="bbox 185 600 882 2522">
    <p class='ocr_par' dir='ltr' id='par_1_2' title="bbox 190 600 882 1402">
     <span class='ocr_line' id='line_1_2' title="bbox 192 600 882 685; baseline 0.003 -22"><span class='ocrx_word' id='word_1_4' title='bbox 192 600 387 684; x_wconf 78' lang='lat' dir='ltr'>‘gressionibus</span> <span class='ocrx_word' id='word_1_5' title='bbox 400 603 448 665; x_wconf 83' lang='lat' dir='ltr'>usa</span> <span class='ocrx_word' id='word_1_6' title='bbox 462 620 620 685; x_wconf 83' lang='lat' dir='ltr'>augentur;</span> <span class='ocrx_word' id='word_1_7' title='bbox 631 624 686 664; x_wconf 89' lang='lat' dir='ltr'>nec</span> <span class='ocrx_word' id='word_1_8' title='bbox 700 605 763 665; x_wconf 88' lang='lat' dir='ltr'>sine</span> <span class='ocrx_word' id='word_1_9' title='bbox 774 601 882 665; x_wconf 68' lang='lat' dir='ltr'>causat</span> 
     </span>
     <span class='ocr_line' id='line_1_3' title="bbox 193 678 880 763; baseline 0.001 -23"><span class='ocrx_word' id='word_1_10' title='bbox 193 685 327 763; x_wconf 76' lang='lat' dir='ltr'>inprime</span> <span class='ocrx_word' id='word_1_11' title='bbox 344 687 422 746; x_wconf 88' lang='lat' dir='ltr'>enim</span> <span class='ocrx_word' id='word_1_12' title='bbox 439 702 506 744; x_wconf 89' lang='lat' dir='ltr'>ortu</span> <span class='ocrx_word' id='word_1_13' title='bbox 521 682 594 744; x_wconf 90' lang='lat' dir='ltr'>inest</span> <span class='ocrx_word' id='word_1_14' title='bbox 602 686 739 744; x_wconf 84' lang='lat' dir='ltr'>teneritas</span> <span class='ocrx_word' id='word_1_15' title='bbox 756 684 788 745; x_wconf 79' lang='grc' dir='ltr'>δι</span> <span class='ocrx_word' id='word_1_16' title='bbox 801 678 880 742; x_wconf 78' lang='lat' dir='ltr'>mos·</span> 
     </span>
     <span class='ocr_line' id='line_1_4' title="bbox 191 760 878 844; baseline 0.003 -24"><span class='ocrx_word' id='word_1_17' title='bbox 191 760 265 822; x_wconf 85' lang='lat' dir='ltr'>sities</span> <span class='ocrx_word' id='word_1_18' title='bbox 288 765 445 844; x_wconf 84' lang='lat' dir='ltr'>quaedam‚</span> <span class='ocrx_word' id='word_1_19' title='bbox 473 781 504 822; x_wconf 90' lang='lat' dir='ltr'>ut</span> <span class='ocrx_word' id='word_1_20' title='bbox 531 783 586 822; x_wconf 88' lang='lat' dir='ltr'>nec</span> <span class='ocrx_word' id='word_1_21' title='bbox 609 783 655 824; x_wconf 86' lang='lat' dir='ltr'>res</span> <span class='ocrx_word' id='word_1_22' title='bbox 676 764 776 824; x_wconf 87' lang='lat' dir='ltr'>videre</span> <span class='ocrx_word' id='word_1_23' title='bbox 795 764 878 843; x_wconf 79' lang='lat' dir='ltr'>opti·</span> 
     </span>
     <span class='ocr_line' id='line_1_5' title="bbox 190 843 876 924; baseline 0.003 -24"><span class='ocrx_word' id='word_1_24' title='bbox 190 861 280 914; x_wconf 84' lang='lat' dir='ltr'>mas,</span> <span class='ocrx_word' id='word_1_25' title='bbox 307 863 362 903; x_wconf 89' lang='lat' dir='ltr'>nee</span> <span class='ocrx_word' id='word_1_26' title='bbox 394 862 481 924; x_wconf 82' lang='lat' dir='ltr'>agere</span> <span class='ocrx_word' id='word_1_27' title='bbox 499 845 634 922; x_wconf 85' lang='lat' dir='ltr'>possint:</span> <span class='ocrx_word' id='word_1_28' title='bbox 657 846 768 902; x_wconf 84' lang='lat' dir='ltr'>virtutis</span> <span class='ocrx_word' id='word_1_29' title='bbox 795 843 876 902; x_wconf 85' lang='lat' dir='ltr'>enim&#39;</span> 
     </span>
     <span class='ocr_line' id='line_1_6' title="bbox 191 920 877 1002; baseline 0.006 -23"><span class='ocrx_word' id='word_1_30' title='bbox 191 920 347 1002; x_wconf 77' lang='lat' dir='ltr'>beataeque</span> <span class='ocrx_word' id='word_1_31' title='bbox 363 922 456 992; x_wconf 83' lang='lat' dir='ltr'>vitae,</span> <span class='ocrx_word' id='word_1_32' title='bbox 483 941 546 1001; x_wconf 83' lang='lat' dir='ltr'>quae</span> <span class='ocrx_word' id='word_1_33' title='bbox 566 922 624 980; x_wconf 90' lang='lat' dir='ltr'>duo</span> <span class='ocrx_word' id='word_1_34' title='bbox 643 923 766 982; x_wconf 71' lang='lat' dir='ltr'>maximd</span> <span class='ocrx_word' id='word_1_35' title='bbox 782 941 877 1002; x_wconf 81' lang='lat' dir='ltr'>expe·</span> 
     </span>
     <span class='ocr_line' id='line_1_7' title="bbox 192 999 877 1080; baseline 0.007 -22"><span class='ocrx_word' id='word_1_36' title='bbox 192 1001 283 1059; x_wconf 89' lang='lat' dir='ltr'>tenda</span> <span class='ocrx_word' id='word_1_37' title='bbox 302 999 385 1074; x_wconf 87' lang='lat' dir='ltr'>sunt,</span> <span class='ocrx_word' id='word_1_38' title='bbox 403 1001 489 1061; x_wconf 78' lang='lat' dir='ltr'>serius</span> <span class='ocrx_word' id='word_1_39' title='bbox 509 1002 608 1063; x_wconf 86' lang='lat' dir='ltr'>iumen</span> <span class='ocrx_word' id='word_1_40' title='bbox 626 1019 761 1080; x_wconf 79' lang='lat' dir='ltr'>apparet3</span> <span class='ocrx_word' id='word_1_41' title='bbox 782 1001 877 1063; x_wconf 75' lang='lat' dir='ltr'>multb</span> 
     </span>
     <span class='ocr_line' id='line_1_8' title="bbox 191 1080 879 1161; baseline 0 -22"><span class='ocrx_word' id='word_1_42' title='bbox 191 1082 282 1139; x_wconf 88' lang='lat' dir='ltr'>etiam</span> <span class='ocrx_word' id='word_1_43' title='bbox 302 1081 388 1141; x_wconf 72' lang='lat' dir='ltr'>seriis</span> <span class='ocrx_word' id='word_1_44' title='bbox 407 1125 417 1155; x_wconf 90' lang='lat'>,</span> <span class='ocrx_word' id='word_1_45' title='bbox 441 1098 473 1140; x_wconf 89' lang='lat' dir='ltr'>ut</span> <span class='ocrx_word' id='word_1_46' title='bbox 490 1080 598 1161; x_wconf 67' lang='lat' dir='ltr'>plani,</span> <span class='ocrx_word' id='word_1_47' title='bbox 641 1082 715 1140; x_wconf 79' lang='lat' dir='ltr'>uasta</span> <span class='ocrx_word' id='word_1_48' title='bbox 736 1084 813 1152; x_wconf 85' lang='lat' dir='ltr'>sint,</span> <span class='ocrx_word' id='word_1_49' title='bbox 831 1083 879 1139; x_wconf 87' lang='lat' dir='ltr'>in·</span> 
     </span>
     <span class='ocr_line' id='line_1_9' title="bbox 190 1101 878 1242; baseline -0.001 -24"><span class='ocrx_word' id='word_1_50' title='bbox 190 1159 356 1242; x_wconf 81' lang='lat' dir='ltr'>telligantur</span> <span class='ocrx_word' id='word_1_51' title='bbox 366 1183 373 1219; x_wconf 94' lang='lat'><strong>:</strong></span> <span class='ocrx_word' id='word_1_52' title='bbox 383 1161 519 1242; x_wconf 77' lang='lat' dir='ltr'>praecsard</span> <span class='ocrx_word' id='word_1_53' title='bbox 533 1163 611 1221; x_wconf 89' lang='lat' dir='ltr'>enim</span> <span class='ocrx_word' id='word_1_54' title='bbox 621 1101 711 1219; x_wconf 62' lang='lat' dir='ltr'>lslato</span> <span class='ocrx_word' id='word_1_55' title='bbox 721 1204 731 1233; x_wconf 91' lang='lat'>‚</span> <span class='ocrx_word' id='word_1_56' title='bbox 742 1163 878 1232; x_wconf 83' lang='lat' dir='ltr'>Beatum,</span> 
     </span>
     <span class='ocr_line' id='line_1_10' title="bbox 192 1239 881 1322; baseline 0.007 -24"><span class='ocrx_word' id='word_1_57' title='bbox 192 1242 238 1299; x_wconf 82' lang='lat' dir='ltr'>cui</span> <span class='ocrx_word' id='word_1_58' title='bbox 254 1243 334 1300; x_wconf 81' lang='lat' dir='ltr'>etiam</span> <span class='ocrx_word' id='word_1_59' title='bbox 353 1245 383 1301; x_wconf 82' lang='lat' dir='ltr'>in</span> <span class='ocrx_word' id='word_1_60' title='bbox 395 1242 529 1322; x_wconf 79' lang='lat' dir='ltr'>seneiiute</span> <span class='ocrx_word' id='word_1_61' title='bbox 547 1241 621 1301; x_wconf 87' lang='lat' dir='ltr'>conti</span> <span class='ocrx_word' id='word_1_62' title='bbox 639 1242 707 1315; x_wconf 80' lang='lat' dir='ltr'>erit,</span> <span class='ocrx_word' id='word_1_63' title='bbox 723 1261 755 1300; x_wconf 86' lang='lat' dir='ltr'>ut</span> <span class='ocrx_word' id='word_1_64' title='bbox 765 1239 881 1320; x_wconf 66' lang='lat' dir='ltr'>stipiend</span> 
     </span>
     <span class='ocr_line' id='line_1_11' title="bbox 192 1321 797 1402; baseline -0.002 -22"><span class='ocrx_word' id='word_1_65' title='bbox 192 1321 261 1380; x_wconf 83' lang='lat' dir='ltr'>tiam</span> <span class='ocrx_word' id='word_1_66' title='bbox 278 1321 405 1402; x_wconf 77' lang='lat' dir='ltr'>verasque</span> <span class='ocrx_word' id='word_1_67' title='bbox 421 1324 565 1402; x_wconf 81' lang='lat' dir='ltr'><em>opiniones</em></span> <span class='ocrx_word' id='word_1_68' title='bbox 579 1343 597 1378; x_wconf 86' lang='lat' dir='ltr'>o</span> <span class='ocrx_word' id='word_1_69' title='bbox 620 1323 682 1400; x_wconf 85' lang='lat' dir='ltr'>equi</span> <span class='ocrx_word' id='word_1_70' title='bbox 694 1322 797 1401; x_wconf 83' lang='lat' dir='ltr'><em>possit.</em></span> 
     </span>
    </p>

    <p class='ocr_par' dir='ltr' id='par_1_3' title="bbox 185 1400 881 2522">
     <span class='ocr_line' id='line_1_12' title="bbox 234 1400 881 1482; baseline 0 -22"><span class='ocrx_word' id='word_1_71' title='bbox 234 1418 281 1480; x_wconf 84' lang='lat'>59.</span> <span class='ocrx_word' id='word_1_72' title='bbox 301 1401 426 1480; x_wconf 81' lang='lat' dir='ltr'>Quare,</span> <span class='ocrx_word' id='word_1_73' title='bbox 445 1403 582 1482; x_wconf 84' lang='lat' dir='ltr'>quoniam</span> <span class='ocrx_word' id='word_1_74' title='bbox 602 1400 642 1460; x_wconf 90' lang='lat' dir='ltr'>de</span> <span class='ocrx_word' id='word_1_75' title='bbox 655 1403 756 1482; x_wconf 84' lang='lat' dir='ltr'>primis</span> <span class='ocrx_word' id='word_1_76' title='bbox 769 1414 881 1467; x_wconf 66' lang='lat' dir='ltr'>nature</span> 
     </span>
     <span class='ocr_line' id='line_1_13' title="bbox 190 1479 877 1554; baseline -0.001 -14"><span class='ocrx_word' id='word_1_77' title='bbox 190 1483 357 1540; x_wconf 79' lang='lat' dir='ltr'>commodis</span> <span class='ocrx_word' id='word_1_78' title='bbox 376 1481 440 1541; x_wconf 86' lang='lat' dir='ltr'>satis</span> <span class='ocrx_word' id='word_1_79' title='bbox 458 1480 563 1541; x_wconf 74' lang='lat' dir='ltr'>diiium</span> <span class='ocrx_word' id='word_1_80' title='bbox 579 1479 641 1554; x_wconf 82' lang='lat' dir='ltr'>esi,</span> <span class='ocrx_word' id='word_1_81' title='bbox 658 1500 735 1540; x_wconf 88' lang='lat' dir='ltr'>nunc</span> <span class='ocrx_word' id='word_1_82' title='bbox 754 1480 792 1540; x_wconf 92' lang='lat' dir='ltr'>de</span> <span class='ocrx_word' id='word_1_83' title='bbox 810 1494 877 1539; x_wconf 57' lang='lat' dir='ltr'>mai</span> 
     </span>
     <span class='ocr_line' id='line_1_14' title="bbox 188 1557 873 1641; baseline 0 -23"><span class='ocrx_word' id='word_1_84' title='bbox 188 1557 302 1640; x_wconf 78' lang='lat' dir='ltr'>joribus</span> <span class='ocrx_word' id='word_1_85' title='bbox 313 1606 322 1634; x_wconf 91' lang='lat'>,</span> <span class='ocrx_word' id='word_1_86' title='bbox 334 1560 626 1641; x_wconf 84' lang='lat' dir='ltr'>consequentibusque</span> <span class='ocrx_word' id='word_1_87' title='bbox 635 1561 796 1621; x_wconf 82' lang='lat' dir='ltr'>videamus.</span> <span class='ocrx_word' id='word_1_88' title='bbox 810 1558 873 1618; x_wconf 88' lang='lat' dir='ltr'>Na·</span> 
     </span>
     <span class='ocr_line' id='line_1_15' title="bbox 187 1639 874 1722; baseline 0 -23"><span class='ocrx_word' id='word_1_89' title='bbox 187 1656 254 1699; x_wconf 87' lang='lat' dir='ltr'>tuta</span> <span class='ocrx_word' id='word_1_90' title='bbox 268 1643 353 1722; x_wconf 86' lang='lat' dir='ltr'>igitur</span> <span class='ocrx_word' id='word_1_91' title='bbox 375 1660 478 1721; x_wconf 86' lang='lat' dir='ltr'>corpus</span> <span class='ocrx_word' id='word_1_92' title='bbox 497 1641 615 1722; x_wconf 83' lang='lat' dir='ltr'>quidem</span> <span class='ocrx_word' id='word_1_93' title='bbox 635 1641 760 1702; x_wconf 85' lang='lat' dir='ltr'>hominis</span> <span class='ocrx_word' id='word_1_94' title='bbox 778 1643 818 1700; x_wconf 90' lang='lat' dir='ltr'>sic</span> <span class='ocrx_word' id='word_1_95' title='bbox 840 1639 874 1699; x_wconf 77' lang='grc' dir='ltr'>δε</span> 
     </span>
     <span class='ocr_line' id='line_1_16' title="bbox 187 1720 872 1803; baseline 0 -24"><span class='ocrx_word' id='word_1_96' title='bbox 187 1724 313 1802; x_wconf 84' lang='lat' dir='ltr'>genuit,</span> <span class='ocrx_word' id='word_1_97' title='bbox 341 1721 372 1782; x_wconf 73' lang='grc' dir='ltr'>ἀ</span> <span class='ocrx_word' id='word_1_98' title='bbox 393 1720 562 1795; x_wconf 84' lang='lat' dir='ltr'>formavit,</span> <span class='ocrx_word' id='word_1_99' title='bbox 588 1736 619 1780; x_wconf 86' lang='lat' dir='ltr'>ut</span> <span class='ocrx_word' id='word_1_100' title='bbox 642 1722 695 1782; x_wconf 90' lang='lat' dir='ltr'>alia</span> <span class='ocrx_word' id='word_1_101' title='bbox 716 1724 746 1780; x_wconf 91' lang='lat' dir='ltr'>in</span> <span class='ocrx_word' id='word_1_102' title='bbox 772 1722 872 1803; x_wconf 87' lang='lat' dir='ltr'>primo</span> 
     </span>
     <span class='ocr_line' id='line_1_17' title="bbox 188 1799 877 1884; baseline -0.001 -24"><span class='ocrx_word' id='word_1_103' title='bbox 188 1817 255 1860; x_wconf 88' lang='lat' dir='ltr'>ortu</span> <span class='ocrx_word' id='word_1_104' title='bbox 281 1799 458 1882; x_wconf 77' lang='lat' dir='ltr'>perficeret,</span> <span class='ocrx_word' id='word_1_105' title='bbox 486 1802 541 1862; x_wconf 86' lang='lat' dir='ltr'>alia</span> <span class='ocrx_word' id='word_1_106' title='bbox 562 1802 766 1884; x_wconf 78' lang='lat' dir='ltr'>progrediente</span> <span class='ocrx_word' id='word_1_107' title='bbox 785 1817 877 1861; x_wconf 80' lang='lat' dir='ltr'>atate</span> 
     </span>
     <span class='ocr_line' id='line_1_18' title="bbox 188 1879 872 1964; baseline -0.004 -23"><span class='ocrx_word' id='word_1_108' title='bbox 188 1879 329 1962; x_wconf 55' lang='lat' dir='ltr'>fingerem</span> <span class='ocrx_word' id='word_1_109' title='bbox 348 1899 443 1964; x_wconf 85' lang='lat' dir='ltr'>neque</span> <span class='ocrx_word' id='word_1_110' title='bbox 455 1881 532 1946; x_wconf 69' lang='lat' dir='ltr'>,sani</span> <span class='ocrx_word' id='word_1_111' title='bbox 553 1883 677 1942; x_wconf 79' lang='lat' dir='ltr'>multdtn</span> <span class='ocrx_word' id='word_1_112' title='bbox 697 1879 872 1962; x_wconf 82' lang='lat' dir='ltr'>adjumentis</span> 
     </span>
     <span class='ocr_line' id='line_1_19' title="bbox 188 1963 874 2023; baseline -0.003 -2"><span class='ocrx_word' id='word_1_113' title='bbox 188 1964 314 2022; x_wconf 86' lang='lat' dir='ltr'>externis</span> <span class='ocrx_word' id='word_1_114' title='bbox 336 1964 368 2022; x_wconf 73' lang='grc' dir='ltr'>δι</span> <span class='ocrx_word' id='word_1_115' title='bbox 390 1963 554 2023; x_wconf 87' lang='lat' dir='ltr'>adventitiis</span> <span class='ocrx_word' id='word_1_116' title='bbox 572 1978 721 2022; x_wconf 85' lang='lat' dir='ltr'>uteretur:</span> <span class='ocrx_word' id='word_1_117' title='bbox 741 1964 874 2021; x_wconf 79' lang='lat' dir='ltr'>animum</span> 
     </span>
     <span class='ocr_line' id='line_1_20' title="bbox 187 2041 873 2121; baseline -0.007 -20"><span class='ocrx_word' id='word_1_118' title='bbox 187 2058 285 2102; x_wconf 90' lang='lat' dir='ltr'>autem</span> <span class='ocrx_word' id='word_1_119' title='bbox 302 2043 417 2121; x_wconf 86' lang='lat' dir='ltr'>reliquis</span> <span class='ocrx_word' id='word_1_120' title='bbox 437 2043 523 2100; x_wconf 84' lang='lat' dir='ltr'>rebus</span> <span class='ocrx_word' id='word_1_121' title='bbox 541 2044 580 2099; x_wconf 91' lang='lat' dir='ltr'>ita</span> <span class='ocrx_word' id='word_1_122' title='bbox 596 2041 742 2121; x_wconf 80' lang='lat' dir='ltr'>perfecit,</span> <span class='ocrx_word' id='word_1_123' title='bbox 758 2056 789 2098; x_wconf 89' lang='lat' dir='ltr'>ut</span> <span class='ocrx_word' id='word_1_124' title='bbox 804 2060 873 2098; x_wconf 86' lang='lat' dir='ltr'>cor·</span> 
     </span>
     <span class='ocr_line' id='line_1_21' title="bbox 186 2120 877 2203; baseline -0.004 -23"><span class='ocrx_word' id='word_1_125' title='bbox 186 2142 241 2203; x_wconf 88' lang='lat' dir='ltr'>pus</span> <span class='ocrx_word' id='word_1_126' title='bbox 255 2143 265 2193; x_wconf 92' lang='lat'>·,</span> <span class='ocrx_word' id='word_1_127' title='bbox 286 2120 411 2181; x_wconf 85' lang='lat' dir='ltr'>sensibus</span> <span class='ocrx_word' id='word_1_128' title='bbox 426 2122 506 2180; x_wconf 89' lang='lat' dir='ltr'>enim</span> <span class='ocrx_word' id='word_1_129' title='bbox 523 2123 639 2182; x_wconf 87' lang='lat' dir='ltr'>ornavit</span> <span class='ocrx_word' id='word_1_130' title='bbox 655 2121 693 2180; x_wconf 86' lang='lat' dir='ltr'>ad</span> <span class='ocrx_word' id='word_1_131' title='bbox 711 2140 756 2180; x_wconf 88' lang='lat' dir='ltr'>res</span> <span class='ocrx_word' id='word_1_132' title='bbox 772 2120 877 2201; x_wconf 61' lang='lat' dir='ltr'>perci*</span> 
     </span>
     <span class='ocr_line' id='line_1_22' title="bbox 185 2197 875 2283; baseline -0.004 -23"><span class='ocrx_word' id='word_1_133' title='bbox 185 2200 310 2283; x_wconf 83' lang='lat' dir='ltr'>piendas</span> <span class='ocrx_word' id='word_1_134' title='bbox 329 2200 465 2273; x_wconf 80' lang='lat' dir='ltr'>idoneis,</span> <span class='ocrx_word' id='word_1_135' title='bbox 481 2217 515 2258; x_wconf 85' lang='lat' dir='ltr'>ut</span> <span class='ocrx_word' id='word_1_136' title='bbox 530 2201 628 2274; x_wconf 81' lang='lat' dir='ltr'>nihil,</span> <span class='ocrx_word' id='word_1_137' title='bbox 648 2218 696 2260; x_wconf 87' lang='lat' dir='ltr'>ant</span> <span class='ocrx_word' id='word_1_138' title='bbox 718 2221 779 2259; x_wconf 91' lang='lat' dir='ltr'>non</span> <span class='ocrx_word' id='word_1_139' title='bbox 793 2197 875 2257; x_wconf 88' lang='lat' dir='ltr'>mul·</span> 
     </span>
     <span class='ocr_line' id='line_1_23' title="bbox 185 2277 877 2361; baseline -0.006 -21"><span class='ocrx_word' id='word_1_140' title='bbox 185 2284 250 2341; x_wconf 77' lang='lat' dir='ltr'>tiam</span> <span class='ocrx_word' id='word_1_141' title='bbox 270 2279 440 2361; x_wconf 81' lang='lat' dir='ltr'>adjumento</span> <span class='ocrx_word' id='word_1_142' title='bbox 464 2279 525 2338; x_wconf 76' lang='lat' dir='ltr'>uiso</span> <span class='ocrx_word' id='word_1_143' title='bbox 549 2279 588 2338; x_wconf 84' lang='lat' dir='ltr'>ad</span> <span class='ocrx_word' id='word_1_144' title='bbox 601 2279 679 2338; x_wconf 89' lang='lat' dir='ltr'>suam</span> <span class='ocrx_word' id='word_1_145' title='bbox 700 2277 877 2338; x_wconf 77' lang='lat' dir='ltr'>conforma-</span> 
     </span>
     <span class='ocr_line' id='line_1_24' title="bbox 185 2359 878 2440; baseline -0.003 -19"><span class='ocrx_word' id='word_1_146' title='bbox 185 2365 300 2422; x_wconf 82' lang='lat' dir='ltr'>tionem</span> <span class='ocrx_word' id='word_1_147' title='bbox 318 2359 480 2440; x_wconf 84' lang='lat' dir='ltr'>indigeret:</span> <span class='ocrx_word' id='word_1_148' title='bbox 494 2359 575 2440; x_wconf 85' lang='lat' dir='ltr'>quod</span> <span class='ocrx_word' id='word_1_149' title='bbox 591 2375 689 2420; x_wconf 89' lang='lat' dir='ltr'>autem</span> <span class='ocrx_word' id='word_1_150' title='bbox 705 2361 736 2418; x_wconf 88' lang='lat' dir='ltr'>in</span> <span class='ocrx_word' id='word_1_151' title='bbox 750 2359 878 2419; x_wconf 74' lang='lat' dir='ltr'>homine</span> 
     </span>
     <span class='ocr_line' id='line_1_25' title="bbox 186 2437 869 2522; baseline 0 -23"><span class='ocrx_word' id='word_1_152' title='bbox 186 2439 449 2522; x_wconf 80' lang='lat' dir='ltr'>praestantissimum</span> <span class='ocrx_word' id='word_1_153' title='bbox 478 2458 565 2522; x_wconf 78' lang='lat' dir='ltr'>atque</span> <span class='ocrx_word' id='word_1_154' title='bbox 589 2442 731 2522; x_wconf 86' lang='lat' dir='ltr'>optimum</span> <span class='ocrx_word' id='word_1_155' title='bbox 755 2437 818 2512; x_wconf 87' lang='lat' dir='ltr'>est,</span> <span class='ocrx_word' id='word_1_156' title='bbox 837 2437 869 2499; x_wconf 83' lang='lat' dir='ltr'>id</span> 
     </span>
    </p>
   </div>
   <div class='ocr_carea' id='block_1_3' title="bbox 183 2520 881 2999">
    <p class='ocr_par' dir='ltr' id='par_1_4' title="bbox 183 2520 881 2999">
     <span class='ocr_line' id='line_1_26' title="bbox 186 2520 873 2602; baseline -0.003 -22"><span class='ocrx_word' id='word_1_157' title='bbox 186 2521 330 2582; x_wconf 85' lang='lat' dir='ltr'>deseruit:</span> <span class='ocrx_word' id='word_1_158' title='bbox 354 2522 407 2582; x_wconf 87' lang='lat' dir='ltr'>etsi</span> <span class='ocrx_word' id='word_1_159' title='bbox 428 2520 506 2581; x_wconf 86' lang='lat' dir='ltr'>dedit</span> <span class='ocrx_word' id='word_1_160' title='bbox 525 2520 613 2580; x_wconf 84' lang='lat' dir='ltr'>talem</span> <span class='ocrx_word' id='word_1_161' title='bbox 634 2538 786 2594; x_wconf 82' lang='lat' dir='ltr'>mentem,</span> <span class='ocrx_word' id='word_1_162' title='bbox 802 2541 873 2602; x_wconf 77' lang='lat' dir='ltr'>quae·</span> 
     </span>
     <span class='ocr_line' id='line_1_27' title="bbox 186 2599 868 2683; baseline -0.003 -22"><span class='ocrx_word' id='word_1_163' title='bbox 186 2621 305 2662; x_wconf 89' lang='lat' dir='ltr'>omnem</span> <span class='ocrx_word' id='word_1_164' title='bbox 323 2603 458 2663; x_wconf 80' lang='lat' dir='ltr'>virtutem</span> <span class='ocrx_word' id='word_1_165' title='bbox 473 2600 532 2682; x_wconf 80' lang='lat' dir='ltr'>jam</span> <span class='ocrx_word' id='word_1_166' title='bbox 549 2604 680 2683; x_wconf 82' lang='lat' dir='ltr'>accipere</span> <span class='ocrx_word' id='word_1_167' title='bbox 693 2599 809 2683; x_wconf 80' lang='lat' dir='ltr'>posset,</span> <span class='ocrx_word' id='word_1_168' title='bbox 823 2601 868 2659; x_wconf 91' lang='lat' dir='ltr'>in·</span> 
     </span>
     <span class='ocr_line' id='line_1_28' title="bbox 185 2682 871 2762; baseline -0.003 -22"><span class='ocrx_word' id='word_1_169' title='bbox 185 2686 342 2762; x_wconf 83' lang='lat' dir='ltr'>genuitque</span> <span class='ocrx_word' id='word_1_170' title='bbox 368 2684 430 2740; x_wconf 83' lang='lat' dir='ltr'>sine</span> <span class='ocrx_word' id='word_1_171' title='bbox 457 2682 586 2741; x_wconf 71' lang='lat' dir='ltr'>dodinina</span> <span class='ocrx_word' id='word_1_172' title='bbox 615 2685 730 2742; x_wconf 82' lang='lat' dir='ltr'>notitias</span> <span class='ocrx_word' id='word_1_173' title='bbox 761 2698 871 2760; x_wconf 77' lang='lat' dir='ltr'>parvas</span> 
     </span>
     <span class='ocr_line' id='line_1_29' title="bbox 183 2758 881 2838; baseline -0.009 -16"><span class='ocrx_word' id='word_1_174' title='bbox 183 2780 282 2822; x_wconf 78' lang='lat' dir='ltr'>rerum</span> <span class='ocrx_word' id='word_1_175' title='bbox 300 2763 508 2832; x_wconf 84' lang='lat' dir='ltr'>maximarum,</span> <span class='ocrx_word' id='word_1_176' title='bbox 529 2761 659 2838; x_wconf 87' lang='lat' dir='ltr'>&amp;quasi</span> <span class='ocrx_word' id='word_1_177' title='bbox 677 2760 795 2818; x_wconf 87' lang='lat' dir='ltr'>instituit</span> <span class='ocrx_word' id='word_1_178' title='bbox 811 2758 881 2817; x_wconf 77' lang='lat' dir='ltr'>d&#39;o·&#39;</span> 
     </span>
     <span class='ocr_line' id='line_1_30' title="bbox 184 2837 871 2918; baseline -0.012 -17"><span class='ocrx_word' id='word_1_179' title='bbox 184 2859 278 2910; x_wconf 86' lang='lat' dir='ltr'>cere,</span> <span class='ocrx_word' id='word_1_180' title='bbox 311 2841 343 2897; x_wconf 89' lang='lat'>&amp;</span> <span class='ocrx_word' id='word_1_181' title='bbox 363 2837 474 2896; x_wconf 80' lang='lat' dir='ltr'>induxit</span> <span class='ocrx_word' id='word_1_182' title='bbox 499 2841 529 2896; x_wconf 87' lang='lat' dir='ltr'>in</span> <span class='ocrx_word' id='word_1_183' title='bbox 555 2857 619 2909; x_wconf 87' lang='lat' dir='ltr'>ea,</span> <span class='ocrx_word' id='word_1_184' title='bbox 640 2843 836 2918; x_wconf 86' lang='lat' dir='ltr'>quaeinerant</span> <span class='ocrx_word' id='word_1_185' title='bbox 857 2878 871 2907; x_wconf 90' lang='lat'>‚</span> 
     </span>
     <span class='ocr_line' id='line_1_31' title="bbox 183 2916 868 2999; baseline -0.007 -19"><span class='ocrx_word' id='word_1_186' title='bbox 183 2938 334 2999; x_wconf 84' lang='lat' dir='ltr'>tamquam</span> <span class='ocrx_word' id='word_1_187' title='bbox 351 2916 497 2975; x_wconf 87' lang='lat' dir='ltr'>elementa</span> <span class='ocrx_word' id='word_1_188' title='bbox 511 2917 641 2972; x_wconf 83' lang='lat' dir='ltr'>virtutis:</span> <span class='ocrx_word' id='word_1_189' title='bbox 663 2916 713 2976; x_wconf 90' lang='lat' dir='ltr'>sed</span> <span class='ocrx_word' id='word_1_190' title='bbox 728 2918 868 2979; x_wconf 79' lang='lat' dir='ltr'>virtutem</span> 
     </span>
    </p>
   </div>
   <div class='ocr_carea' id='block_1_4' title="bbox 183 2993 694 3082">
    <p class='ocr_par' dir='ltr' id='par_1_5' title="bbox 183 2993 694 3082">
     <span class='ocr_line' id='line_1_32' title="bbox 183 2993 694 3082; baseline -0.002 -22"><span class='ocrx_word' id='word_1_191' title='bbox 183 2999 275 3082; x_wconf 86' lang='lat' dir='ltr'>ipsam</span> <span class='ocrx_word' id='word_1_192' title='bbox 287 2995 436 3060; x_wconf 77' lang='lat' dir='ltr'>inchoavit</span> <span class='ocrx_word' id='word_1_193' title='bbox 445 3014 458 3071; x_wconf 77' lang='lat'>3</span> <span class='ocrx_word' id='word_1_194' title='bbox 476 2993 547 3057; x_wconf 79' lang='lat' dir='ltr'>nihd</span> <span class='ocrx_word' id='word_1_195' title='bbox 563 2994 694 3077; x_wconf 73' lang='lat' dir='ltr'>ampliis-</span> 
     </span>
    </p>
   </div>
   <div class='ocr_carea' id='block_1_5' title="bbox 0 0 1068 4067">
    <p class='ocr_par' dir='ltr' id='par_1_6' title="bbox 0 0 1068 4067">
     <span class='ocr_line' id='line_1_33' title="bbox 0 0 1068 4067; baseline 0 3"><span class='ocrx_word' id='word_1_196' title='bbox 0 0 1068 4067; x_wconf 95' lang='lat' dir='ltr'> </span> 
     </span>
    </p>
   </div>
  </div>
 </body>
</html>
