2125 4067
889 321 900 487 i

183 570 262 648 534
311 551 744 623 Tuscorananrrn
895 494 901 635 ¹,

224 666 274 743 67.
289 663 406 726 Etenim
422 684 488 745 qua
506 684 574 745 pars
585 667 700 745 optima
718 662 761 726 est
776 666 805 726 in
820 664 862 727 Ito·
899 672 903 729 i

183 748 283 819 mine,
299 748 329 805 in
347 766 383 806 ea
402 748 489 805 situm
510 742 567 805 effe
591 742 709 805 necesse
728 744 771 807 est
787 747 864 821 illud,

183 825 266 906 quod
283 828 385 905 quaeris
401 826 556 907 optimum.
574 823 662 905 Quid
674 824 718 886 est
734 829 864 887 amentia

183 905 306 995 homine
330 904 422 987 sagaci
444 926 476 965 ac
504 905 585 965 boni
613 923 719 967 mente
744 907 864 969 melius!
906 950 908 955 -

264 985 870 1128 &intertrimentum
913 1138 915 1145 .

185 1148 301 1284 virtugrt
323 1145 467 1285 eirgodric
484 1147 602 1241 beatam
622 1147 717 1206 vitam
737 1149 872 1287 effingitnaeri

185 1245 307 1364 differe:
317 1245 475 1387 ,epiaecdssss
487 1246 620 1379 dmi
628 1246 715 1386 ddi}
729 1247 874 1388 'dafnei

186 1384 342 1446 dicendum
359 1385 439 1455 idern
460 1385 531 1445 iliud
553 1385 643 1467 paulo
659 1388 778 1447 uberius
793 1387 874 1448 ride-

187 1463 260 1546 tur)
279 1466 366 1545 plena
383 1466 553 1556 gaudiorum
570 1465 646 1526 sunt.
666 1463 711 1533 Ex
730 1469 874 1548 perpetuis

187 1563 288 1605 autem
298 1545 445 1627 pleniique
463 1546 573 1628 gaudiis
588 1567 682 1628 quum
697 1546 873 1628 perspicuum

188 1627 227 1684 sit
245 1628 338 1687 vitam
353 1626 468 1687 beatam
481 1624 639 1700 exsistere,
652 1627 782 1709 sequitur
799 1644 830 1689 ut
841 1647 875 1689 ea

187 1704 303 1764 exsistat
316 1726 352 1765 ex
369 1704 530 1768 honestate.

228 1782 364 1845 XXIV.
384 1784 470 1859 Sed,
497 1807 535 1847 ne
556 1785 657 1846 verbis
673 1786 772 1849 solum
789 1788 876 1849 attin·

187 1882 291 1944 gamus
310 1885 366 1939 ea,
382 1887 447 1947 quae
462 1867 598 1927 volumus
611 1863 786 1941 ostendere,
802 1887 876 1946 pro-

188 1944 329 2025 ponenda
348 1947 480 2024 quaedam
504 1948 585 2027 quasi
608 1947 762 2008 moventia
785 1945 879 2021 sunt,

189 2044 256 2103 quae
268 2047 322 2085 nos
339 2028 430 2106 magis
446 2026 532 2086 adeo
556 2025 699 2086 nitionem
713 2025 877 2109 intelligen-

190 2107 321 2186 tiamque
337 2122 519 2166 convertant.
535 2046 675 2165 {umatur
693 2109 773 2167 euim
795 2105 878 2168 nobit

191 2186 310 2265 quidam
330 2184 462 2265 praestans
482 2188 528 2245 vir
547 2186 666 2327 agrinus
684 2187 819 2262 artibus,
840 2188 878 2245 ia·

191 2287 250 2346 que
271 2269 368 2325 animo
389 2285 543 2346 parumper
618 2266 799 2346 cogitatione
821 2264 877 2325 fiu-

213 2364 284 2407 atur.
307 2345 434 2407 Primum
455 2346 573 2426 ingenio
595 2347 704 2408 eximio
722 2348 759 2406 sit
771 2364 878 2408 neces·

190 2368 222 2484 de
243 2426 309 2485 est:
332 2427 418 2484 tardis
442 2427 520 2485 enim
542 2426 686 2486 mentibus
704 2425 796 2485 virtus
818 2447 880 2492 non

190 2503 276 2564 facile
297 2508 475 2565 comitatur:
503 2505 610 2566 deinde
635 2505 671 2564 ad
695 2503 877 2586 inuestigan-

191 2583 259 2642 dam
287 2588 440 2644 veritatem
464 2585 566 2657 studio,
582 2586 727 2656 incitato-3
750 2603 787 2643 ex
812 2605 876 2664 quo

188 2665 295 2744 triplex
325 2665 373 2725 ille
399 2666 488 2725 animi
513 2666 603 2729 foetus
630 2660 777 2733 exsistet-t
803 2685 877 2723 unus

188 2746 221 2805 in
241 2746 408 2826 cognitione
428 2766 525 2806 retum
538 2748 670 2826 positus,
686 2743 765 2803 &in
785 2745 876 2824 expli·

187 2827 308 2892 catione
330 2846 455 2887 naturae:
473 2827 544 2893 alter
562 2828 592 2885 in
610 2825 803 2904 descriptione
823 2844 876 2884 ex·

190 2907 382 2987 petendarum
405 2907 434 2967 fu
457 2907 650 2973 iendarumve
672 2925 770 2967 rerum
789 2923 797 2963 :
819 2921 878 2963 tet·

189 2989 246 3046 rius
266 2991 294 3046 in
310 2929 487 3067 judicando,
505 2987 575 3067 quid
587 2989 692 3067 cuique
703 2988 746 3047 rei
760 2985 796 3044 sit
809 3005 878 3048 con-

189 3065 308 3146 sequens
331 3113 340 3142 ‚
365 3068 434 3151 quid
457 3088 620 3151 repugnans
638 3087 650 3142 3
671 3070 703 3131 'm
725 3087 787 3149 quo
810 3061 879 3151 iuti}
