2125 4067
250 512 402 608 Lrann
439 526 683 599 Quartana.
743 515 818 608 167

129 629 158 688 in
170 643 294 711 utroque
311 630 542 703 exercebantur3
562 647 654 710 eaque
672 624 818 710 disciplina

129 707 228 771 effecit
247 727 359 770 tantam
379 711 496 770 illorum
517 727 642 790 utroque
660 712 689 769 in
710 729 819 791 genere

130 789 251 851 dicendi
266 794 394 871 copiam.

175 889 208 944 7.
229 867 345 928 Totum
366 888 456 949 genus
470 865 530 927 hoc
547 867 581 927 dc
600 868 706 941 Zeno,
726 869 758 929 dt
780 868 822 947 ah¹

135 966 176 1008 eo
196 949 246 1029 qui
263 947 345 1023 sunt,
361 964 488 1007 autnon
505 964 681 1027 potuerunt,
700 969 747 1009 aut
761 972 821 1012 no-

133 1028 278 1104 luerunt,
310 1030 389 1090 certe
415 1027 593 1110 reliquerunt
613 1047 622 1086 t
650 1049 734 1108 quam
755 1026 823 1091 uam'

131 1108 247 1190 scripsit
257 1127 350 1172 artem
364 1109 543 1170 rhetoricam
552 1105 726 1179 Cleanthes,
732 1052 827 1188 {hry-

134 1192 233 1272 cippus
253 1194 340 1253 etiam
361 1235 371 1264 ‚
394 1189 446 1252 sed
468 1192 536 1264 sic,
558 1205 616 1262 ut,
637 1191 660 1247 si
682 1191 746 1269 quis
767 1190 829 1249 oh·

135 1269 294 1334 mutescere
321 1272 528 1352 concupierit,
557 1268 628 1329 nihil
650 1269 726 1329 aliud
747 1269 831 1410 lepe-

135 1369 169 1412 te
190 1351 316 1414 debeat:
333 1355 431 1434 itaque
453 1350 538 1411 vides
556 1394 566 1423 ‚
587 1369 647 1430 quo
665 1349 758 1411 modo
797 1372 830 1410 o·

138 1449 285 1512 quantur:
308 1455 387 1495 nova
409 1432 501 1494 verba
522 1429 635 1513 fingunt
653 1451 663 1505 3
691 1431 827 1492 deserunt

137 1513 254 1574 usitata.
285 1512 326 1573 At
349 1530 455 1595 quanta
481 1521 649 1573 conantur?
683 1512 826 1572 mundum

139 1593 219 1652 hunc
240 1613 360 1655 omnem
377 1593 519 1676 oppidum
535 1590 591 1654 effe
610 1589 748 1653 nostrum.
772 1590 826 1654 ln·

138 1673 238 1734 cendit
260 1676 346 1756 igitur
368 1694 450 1747 eos,
473 1674 522 1756 qui
544 1673 685 1734 audiunt:
709 1674 824 1748 vides,

139 1771 277 1833 quantam
293 1775 357 1816 rem
375 1775 442 1839 agas
451 1775 462 1829 ;
479 1771 529 1829 ut,
548 1752 658 1816 Circeis
676 1756 725 1837 qui
740 1756 826 1816 habi-

141 1849 210 1909 tet,
231 1851 327 1896 totum
342 1836 418 1897 hunc
435 1835 578 1896 mundum
598 1834 680 1895 suum
703 1838 828 1896 munici-

141 1917 222 1996 pium
239 1914 295 1978 effe
306 1916 459 1980 existimet.
475 1915 584 1997 Quid?
602 1916 651 1976 ille
668 1917 827 1977 incendat?

139 1994 296 2079 restinguet
320 2001 427 2072 citius,
449 1998 474 2056 si
493 1996 647 2057 ardentem
673 1999 828 2077 acceperit.

140 2073 197 2136 Ista
211 2077 291 2157 ipsa,
309 2099 372 2159 quae
387 2096 420 2137 tu
436 2078 586 2150 breviter,
604 2095 724 2157 regem,
739 2077 831 2138 dicta·

140 2174 267 2226 torem,
289 2157 410 2217 divitem
426 2155 520 2215 solum
539 2154 597 2216 ess'e
613 2155 795 2235 sapientem,
811 2180 831 2218 a

141 2254 175 2297 te
194 2234 312 2318 quidem
328 2237 396 2316 apte
413 2255 446 2293 ac
457 2235 584 2295 rotunde
599 2255 607 2293 ε
624 2237 732 2315 quippe
749 2258 759 2309 3
780 2239 834 2296 ha·

141 2317 198 2378 bes
218 2317 298 2377 enim
317 2337 334 2377 a
352 2315 528 2377 rhetoribus.
551 2313 673 2373 Illorum
691 2318 764 2377 verb
783 2317 834 2379 ista

144 2396 204 2479 ipsa
226 2397 314 2480 quim
335 2397 421 2458 exilia
440 2395 448 2454 Ξ
466 2393 519 2456 De
538 2395 650 2456 virtutis
669 2397 719 2471 vi,
744 2418 832 2480 quam

144 2493 255 2539 tantam
269 2479 375 2541 volunt
390 2474 465 2553 esse,
480 2494 512 2538 ut
525 2477 643 2538 beatum
658 2478 751 2560 perse
767 2478 834 2543 effi·

146 2578 213 2621 cere
233 2563 348 2642 possit,
365 2574 518 2642 pungunt,
538 2561 619 2642 quasi
639 2560 764 2637 aculeis,
781 2564 832 2623 in·

146 2643 395 2723 terrogatiunculis
413 2639 537 2723 angustis
548 2662 559 2714 ς
571 2638 673 2722 quibus
683 2644 771 2702 etiarn
783 2644 834 2723 qui

144 2719 360 2795 affentiuutur,
382 2721 453 2781 nihil
473 2737 687 2782 commutantur
707 2725 835 2795 animo,

145 2803 182 2861 δι
200 2799 292 2860 iidem
302 2802 431 2873 abeunt,
449 2802 497 2878 qui
513 2816 674 2862 venerant:
693 2820 739 2860 res
755 2803 836 2861 enim

144 2876 268 2942 fortasse
282 2900 383 2951 verae,
399 2879 478 2938 certe
494 2899 620 2961 graves,
634 2898 696 2936 non
711 2882 751 2939 ita
761 2899 842 2951 trac-¹

146 2976 279 3036 rantur,
306 2977 339 3025 ut
363 2957 502 3037 debent,
531 2958 582 3021 sed
609 2957 755 3040 aliquanto
780 2963 843 3033 nti-2·

149 3043 258 3111 outihs.
