2125 4067
244 496 417 577 'linuit
453 510 690 577 rrnrrv's.
745 502 821 580 161·

133 621 235 685 umnia
253 619 265 683 l
286 642 341 683 nec
358 638 456 683 tamen
480 620 636 702 quidquam
656 620 718 697 est,
739 620 824 705 quod

133 705 253 764 moveri
269 704 371 782 possit.
391 702 494 782 Quim
510 704 606 783 gravis
621 704 716 777 verb,
734 703 823 786 quim

133 780 293 864 magnifica
310 827 320 855 ‚
337 782 424 863 quium
440 779 572 842 constans
589 781 736 844 conficitur
754 805 824 867 per·

135 862 210 922 sona
224 861 389 941 Sapientis?
401 862 470 940 qui,
488 882 575 940 quum
587 867 661 922 ratio
674 865 821 941 docuerit,

138 942 224 1021 quod
244 939 396 1001 honestum
419 939 511 1011 ellet,
533 942 563 998 id
584 941 640 1000 esse
658 943 748 1004 solum
763 947 824 1007 bo·

136 1042 209 1082 num
222 1065 231 1093 ,
246 1017 361 1103 semper
375 1023 410 1080 sit
422 1018 534 1080 necesse
546 1018 586 1079 est
598 1022 716 1097 beatus,
734 1026 822 1086 verd-

135 1122 195 1182 que
216 1104 316 1161 omnia
329 1100 379 1161 isla
391 1103 513 1160 nomina
527 1101 694 1180 possideat,
708 1125 770 1185 quae
782 1107 825 1166 ir·

134 1182 224 1243 rideri
240 1181 276 1242 ab
293 1184 432 1262 imperitis
444 1180 549 1241 solent.
606 1231 609 1238 .

176 1280 228 1343 75.
259 1262 374 1321 Rebilus
405 1265 484 1322 enim
513 1261 710 1341 appellabitur
738 1281 789 1320 rex
815 1274 830 1335 ς

134 1341 224 1422 quint
243 1341 443 1422 Tarquinius,
464 1344 513 1422 qui
537 1361 592 1402 nec
610 1341 660 1416 se,
681 1361 736 1401 nec
759 1339 830 1402 suos

137 1441 241 1504 regere
280 1426 367 1482 otuit:
388 1422 492 1482 reslibs
507 1443 554 1480 ma
577 1419 641 1481 ister
658 1421 759 1505 populi
773 1420 788 1502 (
801 1426 829 1482 ia

137 1507 218 1564 enim
234 1444 277 1562 eli
290 1501 436 1585 didator)
453 1499 540 1582 quim
555 1443 654 1574 iuna,
674 1505 723 1585 qui
736 1505 823 1564 trium

136 1581 340 1664 pestiferorum
350 1585 508 1656 uitiorum,
522 1582 657 1653 luxuriae,
677 1585 801 1643 avaritiae
811 1628 826 1658 ,

135 1663 313 1727 crudelitatis
341 1663 473 1746 magister
498 1660 577 1722 suit:
605 1661 711 1726 fellito
737 1663 824 1725 dives

135 1744 223 1825 quim
248 1743 381 1818 Crassus,
396 1745 450 1826 qui
466 1789 477 1818 ‚
496 1746 551 1817 nisi
571 1741 710 1826 eguissem
734 1765 823 1804 num-

135 1846 224 1908 quam
243 1823 285 1886 Eu
308 1826 419 1888 litatem
437 1825 515 1886 nullai
532 1826 603 1884 belli
614 1825 698 1884 causi
716 1827 823 1886 transi-

136 1927 168 1967 re
193 1907 272 1967 volui
295 1925 344 1969 et:
364 1907 442 1969 rede
462 1905 526 1984 ejus
547 1909 645 1965 omniu
670 1906 825 1981 dicentur,

135 1988 184 2069 qui
212 1987 263 2049 scit
286 1990 328 2050 uti
348 1988 425 2050 solus
449 1987 608 2049 omnibus:
631 1985 710 2046 redii
735 1989 822 2045 etiam

133 2068 255 2148 pulcher
279 2071 470 2151 appellabitur
487 2090 496 2142 ;
519 2070 608 2127 animi
626 2065 822 2152 enimlinea-

133 2166 236 2208 menta
246 2148 307 2208 sunt
318 2152 480 2230 pulchriora
491 2148 577 2230 quim
595 2149 726 2229 corporis
738 2169 745 2204 ι
758 2168 822 2206 rec·

134 2227 167 2285 τὲ
186 2224 261 2286 solus
275 2228 346 2288 lib'er
358 2272 367 2301 ‚
381 2250 436 2290 nec
452 2229 644 2288 dominationi
658 2226 826 2306 cuiusquam

133 2326 264 2389 parens,
283 2324 379 2389 neque
393 2307 536 2368 obediens
552 2307 708 2386 cupiditati.

175 2386 226 2464 76.
253 2387 343 2448 Reut
360 2387 500 2461 invisius,
516 2385 595 2463 cujus
611 2389 732 2447 etiamsi
751 2408 822 2448 cor-

133 2486 188 2560 pus
207 2468 436 2551 constringatur,
460 2472 558 2529 animo
579 2487 677 2528 tamen
701 2470 820 2531 vincula

134 2544 213 2624 injici
232 2551 308 2609 nulla
325 2553 453 2630 possint:
474 2571 569 2630 neque
586 2548 729 2629 exspeciet
746 2553 818 2610 ulti-

133 2648 214 2687 mum
233 2646 347 2711 tempus
363 2635 476 2703 atatis,
497 2649 527 2689 ut
542 2649 604 2690 tum
624 2632 750 2705 denique
770 2629 820 2707 ju-

133 2707 245 2767 dicetur
255 2754 263 2781 ,
275 2710 412 2770 beatusne
426 2711 529 2782 suerit,
546 2732 635 2791 quum
655 2727 820 2770 extremum

130 2790 202 2846 vitae
225 2788 302 2847 diem
328 2809 423 2848 morte
451 2790 636 2859 confecerit;
662 2789 742 2868 quod
768 2790 819 2847 ille

130 2885 208 2926 unus
228 2885 245 2924 e
267 2867 379 2947 septem
400 2868 572 2945 sapientibus
594 2887 655 2924 non
675 2867 818 2943 sapienter

88 2956 90 2960 '
131 2942 268 3012 Croesum
287 2948 415 3010 monuit:
436 2949 541 3006 namsi
561 2946 662 3005 beatus
680 2966 817 3030 umquam
