2125 4067
258 502 408 572 Lrnau
445 515 694 586 Quatenus,
748 499 822 591 185

179 615 278 679 xlv.
296 616 378 696 Quid
389 612 633 697 ergo'dubitamus
644 616 673 674 in
685 629 746 674 tora
756 610 822 691 ejue

139 715 239 757 natura
258 717 386 777 quaerere
400 697 469 776 quid
486 699 522 757 sit
539 693 694 757 effeehm?
716 693 821 834 guum

137 780 220 836 enim
241 776 352 836 constet
365 779 440 835 inter
455 795 576 849 omnes,
589 796 678 837 omne
695 796 714 833 o
746 777 821 833 tium

135 855 302 936 munusque
322 854 465 933 sapientiae
479 857 509 914 in
527 856 653 916 hominis
669 856 745 915 cultu
764 851 822 917 effe

140 952 339 1015 occupatum:
356 935 402 993 alii
421 931 484 1013 (ne
502 953 551 993 me
569 934 707 995 existimes
722 951 823 995 contra
862 948 866 955 '

139 1013 259 1074 Stoicos
276 1013 369 1074 solunt
386 1010 506 1093 dicere)
525 1033 575 1073 eas
586 1012 736 1075 sententias
754 1012 824 1075 affe·

137 1113 206 1154 runt
226 1141 239 1166 ,
265 1111 297 1154 ut
317 1093 460 1153 summum
483 1094 597 1153 bonum
615 1096 644 1153 in
665 1113 703 1152 eo
720 1112 825 1172 genere

137 1189 250 1254 ponant
269 1219 279 1248 ‚
299 1175 381 1254 quod
398 1175 435 1232 sit
454 1191 536 1233 extra
560 1172 688 1233 nostram
705 1170 828 1251 petella·

138 1271 222 1328 tem,
242 1270 389 1334 tamquam
406 1254 444 1314 de
460 1255 578 1314 animali
589 1254 689 1335 aliquo
701 1253 830 1332 loquan-

139 1349 203 1405 tur:
223 1334 270 1393 alii
289 1335 410 1407 contra,
432 1338 513 1415 quasi
532 1334 644 1393 nullum
663 1353 771 1412 corpus
791 1333 828 1395 sit

137 1413 280 1488 hominis,
296 1417 334 1479 ita
346 1431 452 1495 pretet
466 1417 613 1488 animum,
626 1414 696 1473 nihil
707 1429 827 1485 turant;

140 1514 232 1573 quum
249 1492 402 1573 praesertim
416 1493 478 1573 ipse
500 1515 618 1576 quoque
636 1497 748 1555 animus
764 1514 825 1555 non

139 1574 228 1634 inane
255 1571 350 1633 nescio
379 1575 448 1654 quid
471 1576 505 1634 sit
527 1574 542 1656 (
566 1595 660 1656 neque
687 1576 765 1634 enirn
793 1573 823 1635 id

139 1652 253 1734 pullum
271 1653 432 1736 intelligere
449 1651 522 1736 )sed
538 1656 567 1714 in
583 1656 712 1736 quodam
731 1673 825 1736 gene·

139 1754 171 1794 re
192 1737 343 1814 corporis;
361 1751 392 1792 ut
410 1754 448 1795 ne
461 1737 485 1794 is
500 1735 619 1815 quidem
635 1738 744 1795 virtute
764 1734 823 1793 una

140 1833 293 1876 contentus
310 1817 362 1887 sit,
379 1814 429 1874 sed
446 1831 564 1896 appetat
578 1819 754 1875 vacuitatem
770 1814 825 1873 do·

139 1893 227 1954 loris:
252 1894 444 1976 quamobrem
462 1897 576 1974 utrique
598 1896 678 1955 idem
697 1895 824 1965 fatiunt,

140 1990 172 2034 ut
190 1978 213 2033 si
230 1974 333 2034 laevam
356 1992 469 2055 partem
491 1976 700 2056 negligerent,
722 1973 826 2034 dexte-v

138 2075 203 2113 ram
220 2069 385 2126 tuerentur3
403 2071 452 2114 aut
465 2056 555 2134 ipsius
570 2057 662 2123 anirni
680 2098 690 2127 ‚
706 2071 739 2115 ut
756 2053 826 2116 fecit

138 2132 268 2194 Herillus
278 2179 289 2204 ,
300 2135 498 2214 cognitiunem
510 2135 742 2212 amplexarentur
754 2180 764 2206 ‚
775 2157 825 2195 at-

139 2214 257 2273 tionem
282 2213 503 2292 relinquerent:
527 2234 628 2274 eorum
652 2217 730 2274 enlm
752 2232 827 2273 'ont-

140 2295 246 2362 nium,
262 2291 352 2350 multa
369 2294 669 2372 pretermittentium,
688 2293 757 2351 dum
773 2294 828 2353 eli·

162 2389 211 2431 ant
228 2371 355 2452 aliquid,
371 2372 451 2452 quod
465 2371 636 2453 sequantur,
650 2376 733 2455 -quasi
747 2391 826 2437 curta

140 2393 294 2514 {utentia
312 2469 341 2511 at
355 2453 430 2513 verb
445 2452 493 2523 illa
511 2452 639 2533 perfella
655 2472 740 2536 atque
779 2457 827 2518 le·

140 2554 178 2594 na
198 2577 208 2606 ‚
230 2553 355 2605 eorum,
373 2536 421 2614 qui
434 2554 523 2615 quum
542 2534 580 2596 de
600 2535 724 2597 hominis
756 2559 825 2597 um-

140 2634 192 2673 mo
203 2614 284 2673 bono
299 2634 479 2693 quaererent,
497 2616 606 2675 nullam
622 2619 651 2677 in
671 2637 708 2677 eo
726 2637 823 2697 neque

139 2696 229 2753 animi
245 2713 340 2772 neque
361 2698 490 2773 corporis
507 2713 622 2774 partem
638 2718 763 2758 vacuam
778 2715 826 2756 tn-

139 2773 203 2835 tela
219 2772 405 2850 reliquerunt.

185 2868 234 2929 37.
254 2849 320 2908 Vos
337 2866 454 2920 autent,
472 2848 552 2910 Cato
565 2894 575 2922 ‚
586 2855 652 2930 quia
663 2854 776 2924 virtus,
791 2867 826 2916 ut

140 2950 248 2994 ornnes
267 2928 412 3000 fatemur,
432 2928 599 2988 altissimum
610 2932 708 2990 locum
723 2934 752 2991 in
767 2932 826 2993 hn-

141 3014 222 3076 mine
249 3011 281 3075 &
304 3006 428 3073 martine
448 3008 767 3092 excellentemtenet,
791 3013 826 3086 ἃς
