2125 4067
915 322 920 501 d

181 506 263 603 '416
313 505 736 577 Tuscuirnanuu

184 622 311 704 aliquid,
331 621 362 681 &
380 638 488 700 magno
504 617 624 698 quidem
655 615 813 697 hilosopho
826 614 867 675 di·

206 724 295 777 uum,
312 703 336 760 si
347 720 382 761 ea
398 699 477 757 bona
487 695 606 758 sentires
656 717 771 778 e‚quae
783 694 865 758 ellent
917 696 919 813 4

177 725 305 848 ‚domine
320 778 496 861 dignissima.
698 802 705 827 ·-

178 926 181 933 ,
223 857 343 919 XVII.
368 857 547 938 Pythagoras
560 856 631 916 milti
647 858 671 915 si
681 853 793 916 diceret
803 899 812 928 ,
824 870 866 914 ant

179 938 338 1012 Socrates,
350 956 398 998 aut
416 936 498 997 Plato
510 935 613 1017 :Quid
628 934 730 1015 jaces?
744 950 793 995 aut
840 933 865 992 id

184 1039 296 1081 moeres
314 1017 325 1077 ἓ
351 1033 399 1079 aut
417 1039 466 1077 cur
483 1015 643 1076 succumbis
659 1014 795 1096 cedisque
805 955 866 1074 tidr-

185 1099 284 1158 tunae?
308 1119 372 1178 quae
389 1115 419 1156 ut
437 1097 600 1177 pervellere
619 1112 651 1156 te
668 1095 792 1157 forsitan
813 1114 864 1174 po·

189 1181 278 1239 tuerit
298 1178 330 1237 &
350 1197 501 1256 pungere;
520 1197 581 1235 non
597 1177 708 1256 poterit
729 1174 807 1234 cette
826 1174 866 1232 vi·
916 1232 919 1239 ,

188 1275 238 1316 res
255 1255 405 1337 frangere:
422 1276 526 1336 magna
539 1257 584 1316 vis
604 1255 645 1314 est
659 1257 690 1314 in
701 1253 865 1315 virtutibus:

190 1355 242 1396 cas
265 1339 378 1407 excita,
401 1337 424 1393 si
447 1334 523 1393 forte
548 1335 723 1394 dormiunt:
743 1331 801 1412 jam
824 1332 868 1393 tibi

187 1415 280 1475 aderit
299 1416 431 1494 princeps
448 1413 591 1474 fortitudo
609 1458 621 1488 ,
640 1434 707 1495 quae
724 1429 756 1474 te
778 1415 867 1472 animo

182 1510 272 1553 tanto
288 1491 345 1554 elle
365 1510 470 1576 coget,
490 1513 521 1553 ut
534 1497 634 1554 omnia
648 1536 662 1567 ,
678 1513 753 1574 qua
764 1494 868 1573 possint

188 1574 303 1635 homini
319 1576 457 1645 evenire,
476 1593 649 1633 contemnas
665 1574 698 1633 &
716 1594 774 1654 pro
788 1572 875 1633 nihilo·

180 1671 293 1733 putes:
307 1654 398 1713 aderit
415 1655 623 1734 temperantia,
635 1674 701 1734 quae
716 1649 760 1714 eti
775 1652 871 1713 eadent

188 1733 377 1802 moderatim
396 1754 413 1790 a
431 1753 478 1792 me
496 1733 612 1812 quidem
631 1733 723 1819 paulb
742 1733 809 1792 ante
826 1753 872 1812 ap·

189 1810 298 1892 pellata
313 1809 461 1892 frugalitas
473 1831 482 1882 ;
496 1834 559 1893 quae
578 1829 608 1872 re
626 1815 752 1892 turpiter
771 1812 805 1872 ὃ(
824 1831 874 1872 ne·

188 1893 288 1971 ‚quiret
307 1889 404 1950 facere
422 1891 492 1950 nihil
509 1894 652 1972 patiatur:
670 1891 742 1971 quid
762 1889 804 1952 est
827 1912 875 1951 au·

192 1987 254 2030 tem
273 1972 393 2050 nequius
410 1989 457 2029 aut
475 1973 583 2051 turpius
600 1969 772 2032 effeminato
788 1970 874 2033 viro?

192 2048 241 2110 Ne
256 2047 359 2127 justitia
392 2050 488 2109 uidem
504 2053 577 2111 sinet
592 2067 622 2111 te
637 2048 688 2110 ista
703 2049 802 2112 facere
813 2070 822 2123 ;
833 2050 876 2110 cui

188 2132 344 2190 minimum
362 2149 377 2188 e
402 2129 553 2191 evidetur
569 2133 599 2188 in
619 2130 673 2190 hac
694 2130 780 2191 causa
803 2130 878 2204 loci-3

188 2229 258 2290 ,quoe
277 2227 375 2269 tamen
391 2212 430 2267 ita
445 2209 538 2284 dicet,
556 2209 708 2290 dupliciter
724 2209 782 2272 effe
796 2228 827 2272 te
838 2213 879 2270 in·

192 2287 324 2369 justum,
351 2309 440 2368 quum
461 2290 492 2348 ὅ(
517 2291 641 2350 alienum
664 2309 787 2371 appetas
805 2336 816 2365 ,
832 2292 879 2373 qui

193 2370 325 2429 mortalis
344 2387 445 2442 natus,
463 2370 663 2430 conditionem
679 2369 807 2451 postules
827 2371 882 2429 im·

194 2451 383 2520 mortalium,
405 2450 437 2506 &
460 2452 586 2529 graviter
603 2449 700 2524 feras,
719 2468 774 2524 te,
796 2448 877 2530 quod

196 2528 339 2585 utendum
357 2533 522 2606 acceperis,
539 2527 701 2590 reddidiffe.

186 2680 189 2685 Ι
238 2623 285 2684 37.
309 2605 469 2664 Prudentiae
492 2610 564 2668 verb
582 2609 651 2689 quid
669 2605 878 2689 respondebiS,

194 2684 307 2746 ¹dicenti
323 2689 458 2746 virtutem
474 2685 530 2748 sese
548 2686 604 2750 esle
619 2707 806 2761 contentam,
818 2708 888 2768 quo

193 2766 287 2828 modo
306 2767 342 2827 ad
360 2765 435 2826 bene
455 2769 634 2842 vivendum,
652 2771 693 2829 sic
712 2770 745 2830 &
759 2767 797 2828 ad
811 2768 882 2829 bea·

188 2846 245 2925 tl?
271 2869 334 2929 quae
354 2849 377 2905 si
398 2847 570 2910 extrinsecus
590 2851 708 2932 religata
725 2848 882 2929 pendeat,

196 2924 231 2985 &
249 2950 309 3006 non
326 2930 432 2989 oriatur
452 2950 469 2986 a
491 2927 542 3004 se,
563 2930 595 2990 &
617 2929 709 2991 rursus
732 2929 772 2989 ad
790 2927 820 2990 se
838 2947 885 2990 re·

191 3023 321 3079 ‚vertatur
338 3052 350 3084 ,
370 3007 402 3071 δι
429 3011 529 3072 omnia
551 3009 599 3074 sua
625 3007 784 3094 complexa
811 3007 885 3071 nihil
