2125 4067
256 401 332 477 524
380 381 813 457 Tuscuuiunvtt
933 344 935 351 Ι

931 370 937 437 l

251 503 322 562 viri:
342 497 374 559 &
391 495 512 557 honesta
532 508 625 578 ergo,
642 499 789 577 quoniam
810 498 912 561 laudalt'·
934 440 943 553 l
963 516 983 581 ς

250 580 309 641 lis:
329 599 365 639 ex
392 578 520 657 quibus,
545 577 695 637 bonorum
713 579 834 641 beatam
850 582 917 643 vitu
941 580 982 661 *tq

251 657 330 729 effi,
348 657 539 716 concluditur.
887 712 890 719 ,
941 634 974 749 ld

292 737 341 813 48.
351 736 489 811 Etenim,
504 736 579 817 proli
594 736 719 797 deorum
738 750 830 822 atque
847 739 920 799 honi·
949 740 970 800 :i

251 839 323 880 num
338 816 449 877 fidem!
468 837 607 896 parumne
625 821 781 898 cognitum
802 819 842 881 est
860 819 922 901 supt-
951 810 982 901 'p

252 899 375 959 rioribus
394 895 493 957 nostris
511 897 773 977 disputationibus,
791 922 828 961 an
844 899 927 961 delet·
967 918 980 957 t

253 981 370 1039 tationis
395 978 427 1037 &
452 979 503 1038 otii
525 978 716 1038 consumendi
743 982 833 1041 causi
854 980 928 1041 locuti
972 999 981 1038 r

254 1060 371 1130 sumus,
394 1056 552 1136 sapientem
577 1059 614 1118 ab
639 1062 722 1119 omni
744 1064 930 1121 concitatione
978 1081 981 1103 ¹

254 1142 361 1209 animi,
375 1156 464 1218 quam
480 1138 729 1219 perturbationem
743 1162 849 1214 voco,
863 1140 933 1201 sem·
979 1208 980 1215 p

255 1240 308 1300 per
335 1216 471 1277 vacare?
494 1217 605 1298 semper
623 1219 653 1295 in
677 1222 778 1281 animo
799 1220 861 1300 ejus
885 1218 934 1281 ell'e

255 1298 479 1380 placidissimam
494 1297 625 1378 pacem?
646 1298 702 1358 Vir
720 1300 810 1381 igitur
829 1318 937 1380 tempe·

253 1395 351 1451 ratus,
371 1374 523 1452 constans,
540 1380 602 1441 sine
620 1396 727 1452 metu,
747 1383 817 1443 sine'
832 1403 855 1441 ae
876 1383 938 1441 ritu·

256 1459 352 1531 dine,
372 1459 434 1518 sine
452 1459 594 1520 alacritate
616 1456 672 1519 ulla
682 1504 695 1538 ‚
711 1461 779 1521 sine·
800 1401 937 1535 libidine,

255 1538 939 1619 nonnebeatus?Arsempersapienstalitzsem·

279 1639 310 1679 er
325 1621 411 1698 igitur
428 1620 539 1679 beatus.
551 1620 615 1680 lam
631 1620 706 1680 vero
724 1620 775 1701 qui
790 1618 885 1702 potest
898 1621 939 1681 vit

255 1640 349 1759 lanus
366 1719 426 1757 non
447 1698 482 1757 ad
494 1699 541 1771 id,
552 1700 631 1780 quod
643 1700 792 1761 laudabile
808 1703 863 1773 sit,
878 1720 940 1762 om·

254 1781 303 1838 nia
319 1776 427 1839 refe'rre
439 1824 447 1852 ‚
459 1788 522 1859 q'uae
533 1783 613 1861 agit,
631 1782 759 1860 quaeque
772 1778 876 1841 seutitl
894 1800 939 1841 ro

255 1858 313 1920 sert
333 1877 429 1920 autem
456 1863 554 1919 omnia
576 1861 619 1921 ad
640 1861 728 1920 beate
750 1860 940 1921 vivendum:

256 1939 341 2000 beata
358 1942 441 2017 igitur
457 1942 517 2000 vita
533 1940 698 2018 laudabilis:
719 1940 940 2022 necquidquam

248 2022 318 2080 ¹sine
340 2023 446 2079 virtute
473 2020 640 2082 laudabile:
665 2019 753 2083 beata
769 2022 858 2102 igitur
882 2022 941 2089 vite

255 2101 361 2163 virtute
377 2098 534 2160 conficitur.

297 2180 414 2240 XVll.
437 2182 534 2259 Atque
553 2179 609 2239 hoc
630 2180 671 2240 sic
684 2181 773 2241 etiam
791 2178 941 2245 concludi*

255 2276 312 2321 tur.
331 2260 394 2321 Nec
412 2262 440 2318 in
456 2261 556 2320 misera
567 2262 627 2321 vita
640 2260 798 2341 quidquam
812 2259 855 2327 est
871 2280 942 2340 praa·

254 2340 377 2399 dicabile
395 2358 443 2398 aut
461 2341 663 2419 gloriandum
681 2361 734 2401 nec
753 2343 782 2399 in
801 2360 856 2412 ea,
875 2361 940 2421 quae

256 2438 312 2478 nec
331 2420 431 2478 misera
443 2422 500 2492 sit,
517 2442 573 2480 nec
585 2422 686 2482 beata:
704 2420 734 2479 &
751 2417 792 2478 est
800 2421 831 2477 irt
842 2418 939 2499 aliqua

253 2499 314 2559 vita
334 2499 518 2578 praedicabile
536 2501 667 2582 ahquid,
682 2500 713 2561 δι
729 2497 941 2580 gloriandum,

255 2600 290 2639 ac
310 2600 368 2659 prae
385 2577 412 2639 se
429 2578 604 2654 ferendum3
624 2599 656 2642 ut
672 2579 918 2662 Epaminondas,-

256 2702 369 2751 consiliis
380 2702 463 2765 nostris
472 2703 524 2753 laus
537 2702 569 2766 est
577 2699 673 2769 attonsa
686 2698 824 2754 Larem:
928 2718 931 2723 '

247 2784 290 2848 'ut
307 2788 476 2865 Africanus,

254 2892 279 2942 Α
286 2888 340 2959 sole
353 2894 488 2950 exoriente,
499 2891 573 2962 firpra
585 2892 682 2944 Maeoti’
689 2890 792 2960 paludes
804 2928 817 2953 ,

326 2984 403 3037 Nemo
414 2987 459 3048 est,
473 2988 511 3055 qui
515 2987 587 3056 fac'lir
598 3006 633 3039 nrt
643 2988 788 3058 aequiparante
803 3004 888 3059 quem
