2125 4067
301 472 457 551 Lrarn
494 490 704 552 ratmot.
763 499 839 577 317

156 596 272 657 'eletione
285 598 396 658 mortali
406 639 418 668 ,
429 596 522 655 omnia
531 595 652 674 sentiens
662 596 697 654 fr
712 615 843 671 movens,

87 695 89 701 ·
155 675 267 756 ipsaque
289 681 408 757 prodita
432 694 506 735 motu
526 678 699 756 sempiterno.
727 672 796 735 Hoc
820 695 842 737 ι

154 773 369 836 gemerentque
387 754 492 818 eadem
509 774 527 815 e
544 773 644 816 natura
659 753 700 816 est
716 756 841 817 hamam

155 855 253 895 mens.
518 903 521 909 .

201 913 380 975 XXVIII.
402 906 464 976 Ubi
483 912 592 994 igitur,
622 931 671 975 aut
690 908 778 995 qualit,
798 910 841 977 est

158 991 211 1054 ista
229 995 338 1055 mensi
358 995 420 1056 Ubi
439 1011 509 1067 tua,
524 1011 572 1053 aut
589 995 704 1074 qualis?
721 995 840 1076 potesne

157 1074 286 1135 dicere?
317 1097 380 1151 an„
401 1077 424 1136 si
445 1076 545 1134 omnia
566 1074 604 1133 ad
623 1075 842 1156 intelligendum

156 1176 220 1216 non
239 1156 358 1227 habeo,
378 1174 443 1235 quae
463 1155 570 1215 habere
594 1154 729 1227 vellem,
749 1175 785 1215 ne
809 1157 843 1215 iic

152 1230 303 1314 ¹quidem,
334 1256 398 1315 quae
424 1234 542 1308 habeo,
574 1235 644 1293 mihi
672 1254 725 1314 per
747 1250 777 1294 te
801 1237 844 1295 uti

158 1315 280 1375 licebit?
306 1336 369 1376 non
389 1315 469 1375 valet
486 1331 598 1374 tantum
614 1316 745 1387 animus,
765 1330 796 1375 ut
814 1312 843 1375 se

157 1395 249 1475 ipsum
264 1393 324 1474 ipse
339 1395 439 1457 videat
448 1415 460 1476 3
475 1412 526 1469 at,
542 1412 573 1454 ut
589 1395 711 1469 oculus,
726 1397 766 1456 sic
784 1397 847 1454 ani·

156 1495 223 1535 mus
249 1474 309 1535 'sese
338 1496 400 1536 non
422 1474 526 1535 videns
548 1475 601 1534 alia
623 1477 716 1536 cernit
739 1497 746 1535 :
779 1476 842 1536 non

148 1556 243 1616 ⁸videt
267 1569 391 1629 autem,
413 1554 494 1636 quod
512 1557 662 1616 minimum
688 1553 753 1630 est,
775 1555 843 1617 for*

157 1657 241 1697 mam
256 1633 354 1695 suam:
374 1632 489 1696 fortasse
499 1654 510 1709 3
524 1656 695 1719 quamquam
716 1637 746 1695 id
763 1658 843 1717 quo·

156 1735 240 1797 que3
258 1714 308 1776 sed
329 1717 541 1798 relinquamus:
562 1721 623 1777 vim
640 1717 739 1790 certe,
755 1716 841 1799 saga-

155 1800 295 1870 citatem,
312 1801 501 1871 memoriam,
515 1815 626 1859 motum
637 1843 649 1872 ,
660 1798 840 1858 celeritatem

153 1877 249 1939 -viden
262 1878 334 1938 Hac
344 1898 390 1938 nta
412 1900 449 1938 na
459 1922 469 1951 ‚
481 1878 541 1937 haec
556 1880 675 1950 divina,
692 1878 753 1936 haec
764 1878 842 1938 sem-

156 1960 269 2040 pitema
294 1957 366 2029 sunt.
390 1898 462 2037 {ui
482 1957 557 2017 facie
575 1959 694 2036 quidem
708 1958 767 2028 sit,
790 1976 841 2018 aut

156 2039 208 2099 ubi
226 2039 355 2113 habitet,
381 2059 420 2099 ne
445 2037 633 2120 querendum
651 2036 770 2116 quidem
787 2035 841 2098 est.

199 2117 250 2179 68.
269 2117 335 2191 Ur,
355 2138 445 2201 quum
471 2118 604 2183 videmus
621 2116 746 2201 speciem
777 2118 842 2197 pri-

155 2199 239 2260 miim
254 2199 575 2280 candoremque'coeli3
592 2198 698 2260 deinde
717 2215 842 2257 conver·

156 2281 245 2339 aionis
262 2280 441 2340 celeritatem
460 2292 591 2352 tantam,
608 2295 744 2360 quantam
758 2280 844 2359 cogi·

156 2377 220 2421 tare
249 2359 482 2441 non-polluamus
505 2381 516 2433 3
544 2378 605 2420 tum
634 2359 842 2420 vicissitudines

157 2441 372 2522 dierumtatque
385 2440 530 2516 mollium,
544 2439 841 2521 commutationesque

145 2538 325 2611 temporum
346 2523 582 2607 quadripartitas,
596 2521 632 2591 ‚ad
647 2525 842 2582 maturitatem

155 2594 272 2685 frugum
299 2604 332 2661 &
355 2600 398 2683 acl*
417 2600 661 2685 temperationem
682 2610 842 2683 corporum

146 2698 262 2763 ·aptas;
289 2694 449 2765 eornmqite
472 2682 604 2747 omriium
620 2683 843 2743 moderatorem

144 2758 192 2821 ’δι
204 2760 309 2823 ducem
323 2760 412 2821 solem
423 2760 438 2833 '3'
451 2763 606 2843 lunamqite
624 2765 788 2822 accretione
806 2761 840 2821 ἃ

157 2838 505 2914 diminutione'luminis,
527 2844 607 2921 quasi
626 2839 763 2900 fastorum
783 2846 841 2900 no'·

155 2937 272 2985 tantem
288 2920 319 2979 &
335 2922 496 3003 signantem
514 2921 597 2993 dies';
614 2938 675 2979 tum
686 2923 715 2979 in
732 2918 839 2981 eodem

140 3000 233 3064 ¹orbe
252 3026 262 3076 ·,
281 3000 311 3063 in
331 3018 385 3065 xit
404 3017 502 3085 partes
523 3000 693 3146 dmnbutb,
707 3003 840 3094 ‘qnoque

414 3108 418 3115 ·
546 3134 549 3141 .
706 3102 737 3166 ¹¹1
