<?xml version="1.0" encoding="UTF-8"?>
<!DOCTYPE html PUBLIC "-//W3C//DTD XHTML 1.0 Transitional//EN"
    "http://www.w3.org/TR/xhtml1/DTD/xhtml1-transitional.dtd">
<html xmlns="http://www.w3.org/1999/xhtml" xml:lang="en" lang="en">
 <head>
  <title>
</title>
<meta http-equiv="Content-Type" content="text/html;charset=utf-8" />
  <meta name='ocr-system' content='tesseract 3.04.00' />
  <meta name='ocr-capabilities' content='ocr_page ocr_carea ocr_par ocr_line ocrx_word'/>
</head>
<body>
  <div class='ocr_page' id='page_1' title='image "./mtulliiciceroni00lallgoog_0504.png"; bbox 0 0 2125 4067; ppageno 0'>
   <div class='ocr_carea' id='block_1_1' title="bbox 115 488 675 617">
    <p class='ocr_par' dir='ltr' id='par_1_1' title="bbox 115 488 675 617">
     <span class='ocr_line' id='line_1_1' title="bbox 115 488 675 617; baseline -0.016 -24"><span class='ocrx_word' id='word_1_1' title='bbox 115 488 213 617; x_wconf 37' lang='lat'>514&#39;</span> <span class='ocrx_word' id='word_1_2' title='bbox 244 494 675 589; x_wconf 64' lang='lat' dir='ltr'>Tuscuranrauar&#39;</span> 
     </span>
    </p>
   </div>
   <div class='ocr_carea' id='block_1_2' title="bbox 116 628 843 2883">
    <p class='ocr_par' dir='ltr' id='par_1_2' title="bbox 116 628 843 1739">
     <span class='ocr_line' id='line_1_2' title="bbox 116 628 806 720; baseline -0.007 -23"><span class='ocrx_word' id='word_1_3' title='bbox 116 636 273 720; x_wconf 85' lang='lat' dir='ltr'>quidquam</span> <span class='ocrx_word' id='word_1_4' title='bbox 286 648 391 714; x_wconf 69' lang='lat' dir='ltr'>prater</span> <span class='ocrx_word' id='word_1_5' title='bbox 408 628 498 710; x_wconf 84' lang='lat' dir='ltr'>ipsam</span> <span class='ocrx_word' id='word_1_6' title='bbox 507 629 582 689; x_wconf 90' lang='lat' dir='ltr'>boni</span> <span class='ocrx_word' id='word_1_7' title='bbox 598 629 664 706; x_wconf 84' lang='lat' dir='ltr'>est,</span> <span class='ocrx_word' id='word_1_8' title='bbox 680 652 744 692; x_wconf 87' lang='lat' dir='ltr'>non</span> <span class='ocrx_word' id='word_1_9' title='bbox 756 644 806 714; x_wconf 83' lang='lat' dir='ltr'>pu·</span> 
     </span>
     <span class='ocr_line' id='line_1_3' title="bbox 117 711 804 785; baseline -0.007 -7"><span class='ocrx_word' id='word_1_10' title='bbox 117 715 188 779; x_wconf 90' lang='lat' dir='ltr'>test:</span> <span class='ocrx_word' id='word_1_11' title='bbox 215 715 306 775; x_wconf 90' lang='lat' dir='ltr'>aderit</span> <span class='ocrx_word' id='word_1_12' title='bbox 320 713 406 773; x_wconf 87' lang='lat' dir='ltr'>&#39;enim</span> <span class='ocrx_word' id='word_1_13' title='bbox 422 711 591 785; x_wconf 80' lang='lat' dir='ltr'>m&#39;alotum,</span> <span class='ocrx_word' id='word_1_14' title='bbox 618 714 643 770; x_wconf 87' lang='lat' dir='ltr'>si</span> <span class='ocrx_word' id='word_1_15' title='bbox 664 713 742 773; x_wconf 88' lang='lat' dir='ltr'>mala</span> <span class='ocrx_word' id='word_1_16' title='bbox 766 714 804 773; x_wconf 92' lang='lat' dir='ltr'>illa</span> 
     </span>
     <span class='ocr_line' id='line_1_4' title="bbox 118 791 805 875; baseline -0.004 -18"><span class='ocrx_word' id='word_1_17' title='bbox 118 800 249 857; x_wconf 86' lang='lat' dir='ltr'><strong>ducimus</strong></span> <span class='ocrx_word' id='word_1_18' title='bbox 259 840 270 865; x_wconf 85' lang='lat'>,</span> <span class='ocrx_word' id='word_1_19' title='bbox 280 795 362 852; x_wconf 84' lang='lat' dir='ltr'>turba</span> <span class='ocrx_word' id='word_1_20' title='bbox 373 791 524 872; x_wconf 72' lang='lat' dir='ltr'>quedam,</span> <span class='ocrx_word' id='word_1_21' title='bbox 538 808 719 873; x_wconf 80' lang='lat' dir='ltr'>paupertas,</span> <span class='ocrx_word' id='word_1_22' title='bbox 731 797 805 875; x_wconf 82' lang='lat' dir='ltr'>iguo·</span> 
     </span>
     <span class='ocr_line' id='line_1_5' title="bbox 116 872 805 949; baseline -0.009 -11"><span class='ocrx_word' id='word_1_23' title='bbox 116 878 232 949; x_wconf 81' lang='lat' dir='ltr'>bilitas,</span> <span class='ocrx_word' id='word_1_24' title='bbox 256 875 418 944; x_wconf 83' lang='lat' dir='ltr'>humilitas,</span> <span class='ocrx_word' id='word_1_25' title='bbox 436 872 584 945; x_wconf 87' lang='lat' dir='ltr'>solitudo,</span> <span class='ocrx_word' id='word_1_26' title='bbox 607 875 728 936; x_wconf 80' lang='lat' dir='ltr'>amissio</span> <span class='ocrx_word' id='word_1_27' title='bbox 748 874 805 933; x_wconf 82' lang='lat' dir='ltr'>suo·</span> 
     </span>
     <span class='ocr_line' id='line_1_6' title="bbox 117 952 843 1047; baseline -0.004 -30"><span class='ocrx_word' id='word_1_28' title='bbox 117 979 199 1027; x_wconf 82' lang='lat' dir='ltr'>rum,</span> <span class='ocrx_word' id='word_1_29' title='bbox 211 975 314 1037; x_wconf 79' lang='lat' dir='ltr'>graves</span> <span class='ocrx_word' id='word_1_30' title='bbox 331 952 449 1013; x_wconf 87' lang='lat' dir='ltr'>dolores</span> <span class='ocrx_word' id='word_1_31' title='bbox 460 954 614 1047; x_wconf 77' lang='lat' dir='ltr'>corporis,</span> <span class='ocrx_word' id='word_1_32' title='bbox 627 954 745 1033; x_wconf 78' lang='lat' dir='ltr'>perdita</span> <span class='ocrx_word' id='word_1_33' title='bbox 760 974 804 1014; x_wconf 80' lang='lat' dir='ltr'>va·</span> <span class='ocrx_word' id='word_1_34' title='bbox 842 986 843 993; x_wconf 20' lang='grc' dir='ltr'><strong>κ</strong></span> 
     </span>
     <span class='ocr_line' id='line_1_7' title="bbox 117 1035 806 1114; baseline -0.009 -15"><span class='ocrx_word' id='word_1_35' title='bbox 117 1038 248 1108; x_wconf 59' lang='lat' dir='ltr'>laudo,</span> <span class='ocrx_word' id='word_1_36' title='bbox 275 1035 429 1105; x_wconf 65' lang='lat' dir='ltr'>debilitaS,</span> <span class='ocrx_word' id='word_1_37' title='bbox 450 1050 585 1106; x_wconf 80' lang='lat' dir='ltr'>caecrtas,</span> <span class='ocrx_word' id='word_1_38' title='bbox 601 1035 737 1095; x_wconf 82' lang='lat' dir='ltr'>interitus</span> <span class='ocrx_word' id='word_1_39' title='bbox 760 1056 806 1114; x_wconf 91' lang='lat' dir='ltr'>pa·</span> 
     </span>
     <span class='ocr_line' id='line_1_8' title="bbox 119 1111 804 1194; baseline -0.007 -16"><span class='ocrx_word' id='word_1_40' title='bbox 119 1121 201 1191; x_wconf 80' lang='lat' dir='ltr'>triae,</span> <span class='ocrx_word' id='word_1_41' title='bbox 223 1116 384 1188; x_wconf 80' lang='lat' dir='ltr'>exsilium,</span> <span class='ocrx_word' id='word_1_42' title='bbox 405 1111 523 1173; x_wconf 75' lang='lat' dir='ltr'>servitus</span> <span class='ocrx_word' id='word_1_43' title='bbox 546 1113 687 1194; x_wconf 85' lang='lat' dir='ltr'>denique.</span> <span class='ocrx_word' id='word_1_44' title='bbox 711 1114 744 1174; x_wconf 87' lang='lat' dir='ltr'>lu</span> <span class='ocrx_word' id='word_1_45' title='bbox 767 1115 804 1173; x_wconf 82' lang='lat' dir='ltr'>his</span> 
     </span>
     <span class='ocr_line' id='line_1_9' title="bbox 119 1193 804 1276; baseline -0.006 -19"><span class='ocrx_word' id='word_1_46' title='bbox 119 1215 165 1257; x_wconf 86' lang='lat' dir='ltr'>rot</span> <span class='ocrx_word' id='word_1_47' title='bbox 187 1199 218 1256; x_wconf 90' lang='lat'>&amp;</span> <span class='ocrx_word' id='word_1_48' title='bbox 240 1197 325 1254; x_wconf 82' lang='lat' dir='ltr'>tantis</span> <span class='ocrx_word' id='word_1_49' title='bbox 343 1193 457 1275; x_wconf 88' lang='lat' dir='ltr'>(atque</span> <span class='ocrx_word' id='word_1_50' title='bbox 480 1196 569 1254; x_wconf 86' lang='lat' dir='ltr'>eriam</span> <span class='ocrx_word' id='word_1_51' title='bbox 590 1195 676 1274; x_wconf 88' lang='lat' dir='ltr'>plura</span> <span class='ocrx_word' id='word_1_52' title='bbox 696 1193 804 1276; x_wconf 82' lang='lat' dir='ltr'>possunt</span> 
     </span>
     <span class='ocr_line' id='line_1_10' title="bbox 120 1272 804 1357; baseline -0.006 -19"><span class='ocrx_word' id='word_1_53' title='bbox 120 1274 283 1357; x_wconf 85' lang='lat' dir='ltr'>accidere)</span> <span class='ocrx_word' id='word_1_54' title='bbox 303 1274 397 1356; x_wconf 86' lang='lat' dir='ltr'>potesl</span> <span class='ocrx_word' id='word_1_55' title='bbox 418 1272 475 1337; x_wconf 81' lang='lat' dir='ltr'>esse</span> <span class='ocrx_word' id='word_1_56' title='bbox 498 1273 634 1353; x_wconf 83' lang='lat' dir='ltr'>sapiens;</span> <span class='ocrx_word' id='word_1_57' title='bbox 658 1296 727 1335; x_wconf 84' lang='lat' dir='ltr'>nam</span> <span class='ocrx_word' id='word_1_58' title='bbox 748 1276 804 1334; x_wconf 76' lang='lat' dir='ltr'>het</span> 
     </span>
     <span class='ocr_line' id='line_1_11' title="bbox 120 1353 803 1436; baseline -0.003 -20"><span class='ocrx_word' id='word_1_59' title='bbox 120 1357 198 1417; x_wconf 76' lang='lat' dir='ltr'>rasus</span> <span class='ocrx_word' id='word_1_60' title='bbox 217 1358 385 1435; x_wconf 83' lang='lat' dir='ltr'>importat,</span> <span class='ocrx_word' id='word_1_61' title='bbox 409 1357 458 1434; x_wconf 88' lang='lat' dir='ltr'>qui</span> <span class='ocrx_word' id='word_1_62' title='bbox 479 1355 508 1412; x_wconf 91' lang='lat' dir='ltr'>in</span> <span class='ocrx_word' id='word_1_63' title='bbox 528 1353 694 1434; x_wconf 80' lang='lat' dir='ltr'>sapientem</span> <span class='ocrx_word' id='word_1_64' title='bbox 716 1354 803 1436; x_wconf 85' lang='lat' dir='ltr'>potesl</span> 
     </span>
     <span class='ocr_line' id='line_1_12' title="bbox 120 1432 802 1517; baseline -0.004 -19"><span class='ocrx_word' id='word_1_65' title='bbox 120 1441 285 1498; x_wconf 81' lang='lat' dir='ltr'>incurrere:</span> <span class='ocrx_word' id='word_1_66' title='bbox 303 1453 334 1496; x_wconf 89' lang='lat' dir='ltr'>at</span> <span class='ocrx_word' id='word_1_67' title='bbox 349 1438 372 1495; x_wconf 76' lang='lat' dir='ltr'>ai</span> <span class='ocrx_word' id='word_1_68' title='bbox 383 1454 423 1495; x_wconf 85' lang='lat' dir='ltr'>-ea</span> <span class='ocrx_word' id='word_1_69' title='bbox 439 1435 516 1493; x_wconf 89' lang='lat' dir='ltr'>mala</span> <span class='ocrx_word' id='word_1_70' title='bbox 529 1432 615 1507; x_wconf 89' lang='lat' dir='ltr'>sunt,</span> <span class='ocrx_word' id='word_1_71' title='bbox 634 1437 701 1515; x_wconf 83' lang='lat' dir='ltr'>quis</span> <span class='ocrx_word' id='word_1_72' title='bbox 715 1433 802 1517; x_wconf 84' lang='lat' dir='ltr'>potesl</span> 
     </span>
     <span class='ocr_line' id='line_1_13' title="bbox 120 1514 802 1599; baseline -0.004 -22"><span class='ocrx_word' id='word_1_73' title='bbox 120 1516 274 1599; x_wconf 74' lang='lat' dir='ltr'>praestare,</span> <span class='ocrx_word' id='word_1_74' title='bbox 292 1515 451 1598; x_wconf 83' lang='lat' dir='ltr'>sapientem</span> <span class='ocrx_word' id='word_1_75' title='bbox 462 1514 579 1595; x_wconf 82' lang='lat' dir='ltr'>semper</span> <span class='ocrx_word' id='word_1_76' title='bbox 594 1515 716 1575; x_wconf 90' lang='lat' dir='ltr'>beatum</span> <span class='ocrx_word' id='word_1_77' title='bbox 730 1516 802 1587; x_wconf 85' lang='lat' dir='ltr'>sore,</span> 
     </span>
     <span class='ocr_line' id='line_1_14' title="bbox 119 1596 803 1719; baseline -0.003 -61"><span class='ocrx_word' id='word_1_78' title='bbox 119 1619 211 1681; x_wconf 89' lang='lat' dir='ltr'>quum</span> <span class='ocrx_word' id='word_1_79' title='bbox 225 1597 322 1719; x_wconf 35' lang='lat' dir='ltr'>velaiu</span> <span class='ocrx_word' id='word_1_80' title='bbox 339 1597 473 1659; x_wconf 79' lang='lat' dir='ltr'>omnibus</span> <span class='ocrx_word' id='word_1_81' title='bbox 484 1596 527 1654; x_wconf 76' lang='lat' dir='ltr'>laia</span> <span class='ocrx_word' id='word_1_82' title='bbox 537 1616 598 1657; x_wconf 85' lang='lat' dir='ltr'>uno</span> <span class='ocrx_word' id='word_1_83' title='bbox 614 1606 753 1679; x_wconf 83' lang='lat' dir='ltr'>tempore</span> <span class='ocrx_word' id='word_1_84' title='bbox 764 1614 803 1656; x_wconf 74' lang='lat' dir='ltr'>et·</span> 
     </span>
     <span class='ocr_line' id='line_1_15' title="bbox 121 1696 280 1739; baseline -0.025 0"><span class='ocrx_word' id='word_1_85' title='bbox 121 1698 154 1739; x_wconf 81' lang='lat' dir='ltr'>ae</span> <span class='ocrx_word' id='word_1_86' title='bbox 191 1696 280 1737; x_wconf 77' lang='lat' dir='ltr'>ossrt,</span> 
     </span>
    </p>

    <p class='ocr_par' dir='ltr' id='par_1_3' title="bbox 117 1701 810 2883">
     <span class='ocr_line' id='line_1_16' title="bbox 163 1701 810 1836; baseline -0.003 -19"><span class='ocrx_word' id='word_1_87' title='bbox 163 1701 211 1836; x_wconf 72' lang='lat' dir='ltr'>3po.</span> <span class='ocrx_word' id='word_1_88' title='bbox 237 1754 306 1815; x_wconf 89' lang='lat' dir='ltr'>Non</span> <span class='ocrx_word' id='word_1_89' title='bbox 331 1757 417 1836; x_wconf 79' lang='lat' dir='ltr'>igitur</span> <span class='ocrx_word' id='word_1_90' title='bbox 441 1755 526 1816; x_wconf 70' lang='lat' dir='ltr'>facile</span> <span class='ocrx_word' id='word_1_91' title='bbox 551 1754 810 1836; x_wconf 78' lang='lat' dir='ltr'>concedamque</span> 
     </span>
     <span class='ocr_line' id='line_1_17' title="bbox 119 1834 801 1918; baseline -0.007 -20"><span class='ocrx_word' id='word_1_92' title='bbox 119 1836 211 1898; x_wconf 84' lang='lat' dir='ltr'>Bruto</span> <span class='ocrx_word' id='word_1_93' title='bbox 222 1856 312 1909; x_wconf 88' lang='lat' dir='ltr'>meo,</span> <span class='ocrx_word' id='word_1_94' title='bbox 323 1856 419 1916; x_wconf 84' lang='lat' dir='ltr'>neque</span> <span class='ocrx_word' id='word_1_95' title='bbox 433 1835 639 1896; x_wconf 83' lang='lat' dir='ltr'>communibus</span> <span class='ocrx_word' id='word_1_96' title='bbox 651 1834 801 1918; x_wconf 81' lang='lat' dir='ltr'>magistris,</span> 
     </span>
     <span class='ocr_line' id='line_1_18' title="bbox 119 1914 803 2001; baseline -0.009 -21"><span class='ocrx_word' id='word_1_97' title='bbox 119 1938 217 2001; x_wconf 77' lang='lat' dir='ltr'>neque</span> <span class='ocrx_word' id='word_1_98' title='bbox 239 1918 388 1981; x_wconf 75' lang='lat' dir='ltr'>veteribus</span> <span class='ocrx_word' id='word_1_99' title='bbox 409 1917 490 1989; x_wconf 77' lang='lat' dir='ltr'>illis,</span> <span class='ocrx_word' id='word_1_100' title='bbox 513 1914 695 1993; x_wconf 82' lang='lat' dir='ltr'>Aristoteli,</span> <span class='ocrx_word' id='word_1_101' title='bbox 718 1916 803 1998; x_wconf 86' lang='lat' dir='ltr'>Speu-</span> 
     </span>
     <span class='ocr_line' id='line_1_19' title="bbox 120 1995 804 2082; baseline -0.009 -22"><span class='ocrx_word' id='word_1_102' title='bbox 120 2002 228 2082; x_wconf 73' lang='lat' dir='ltr'>sippo,</span> <span class='ocrx_word' id='word_1_103' title='bbox 254 1998 413 2058; x_wconf 79' lang='lat' dir='ltr'>Xenocrati</span> <span class='ocrx_word' id='word_1_104' title='bbox 431 2042 440 2071; x_wconf 92' lang='lat'>,</span> <span class='ocrx_word' id='word_1_105' title='bbox 460 1995 625 2058; x_wconf 81' lang='lat' dir='ltr'>Polemoni·</span> <span class='ocrx_word' id='word_1_106' title='bbox 641 2015 701 2072; x_wconf 89' lang='lat' dir='ltr'>,ut</span> <span class='ocrx_word' id='word_1_107' title='bbox 723 2014 804 2079; x_wconf 87' lang='lat' dir='ltr'>quum</span> 
     </span>
     <span class='ocr_line' id='line_1_20' title="bbox 121 2078 805 2161; baseline -0.006 -21"><span class='ocrx_word' id='word_1_108' title='bbox 121 2098 177 2154; x_wconf 82' lang='lat' dir='ltr'>ea,</span> <span class='ocrx_word' id='word_1_109' title='bbox 194 2100 257 2161; x_wconf 83' lang='lat' dir='ltr'>quae</span> <span class='ocrx_word' id='word_1_110' title='bbox 267 2078 350 2159; x_wconf 75' lang='lat' dir='ltr'>supra</span> <span class='ocrx_word' id='word_1_111' title='bbox 364 2080 550 2151; x_wconf 82' lang='lat' dir='ltr'>enumeravi,</span> <span class='ocrx_word' id='word_1_112' title='bbox 566 2080 596 2138; x_wconf 88' lang='lat' dir='ltr'>in</span> <span class='ocrx_word' id='word_1_113' title='bbox 612 2079 697 2137; x_wconf 84' lang='lat' dir='ltr'>malis</span> <span class='ocrx_word' id='word_1_114' title='bbox 713 2096 805 2137; x_wconf 83' lang='lat' dir='ltr'>nume·</span> 
     </span>
     <span class='ocr_line' id='line_1_21' title="bbox 121 2155 804 2238; baseline -0.004 -19"><span class='ocrx_word' id='word_1_115' title='bbox 121 2179 206 2233; x_wconf 84' lang='lat' dir='ltr'>rent,</span> <span class='ocrx_word' id='word_1_116' title='bbox 233 2159 322 2219; x_wconf 86' lang='lat' dir='ltr'>iidem</span> <span class='ocrx_word' id='word_1_117' title='bbox 346 2158 441 2218; x_wconf 83' lang='lat' dir='ltr'>dicant</span> <span class='ocrx_word' id='word_1_118' title='bbox 464 2157 578 2238; x_wconf 84' lang='lat' dir='ltr'>semper</span> <span class='ocrx_word' id='word_1_119' title='bbox 605 2159 728 2219; x_wconf 86' lang='lat' dir='ltr'>beatum</span> <span class='ocrx_word' id='word_1_120' title='bbox 754 2155 804 2219; x_wconf 89' lang='lat' dir='ltr'>esse</span> 
     </span>
     <span class='ocr_line' id='line_1_22' title="bbox 120 2239 806 2320; baseline -0.001 -22"><span class='ocrx_word' id='word_1_121' title='bbox 120 2240 296 2320; x_wconf 86' lang='lat' dir='ltr'>sapientem:</span> <span class='ocrx_word' id='word_1_122' title='bbox 316 2261 389 2319; x_wconf 87' lang='lat' dir='ltr'>quos</span> <span class='ocrx_word' id='word_1_123' title='bbox 406 2241 429 2298; x_wconf 92' lang='lat' dir='ltr'>si</span> <span class='ocrx_word' id='word_1_124' title='bbox 447 2240 546 2298; x_wconf 81' lang='lat' dir='ltr'>titulus</span> <span class='ocrx_word' id='word_1_125' title='bbox 564 2239 611 2297; x_wconf 84' lang='lat' dir='ltr'>ltic</span> <span class='ocrx_word' id='word_1_126' title='bbox 628 2239 754 2300; x_wconf 72' lang='lat' dir='ltr'>deletiat</span> <span class='ocrx_word' id='word_1_127' title='bbox 768 2243 806 2298; x_wconf 92' lang='lat' dir='ltr'>iu·</span> 
     </span>
     <span class='ocr_line' id='line_1_23' title="bbox 119 2317 804 2482; baseline -0.001 -24"><span class='ocrx_word' id='word_1_128' title='bbox 119 2317 638 2482; x_wconf 38' lang='lat' dir='ltr'>llll?aliisallis&amp;</span> <span class='ocrx_word' id='word_1_129' title='bbox 653 2319 804 2471; x_wconf 59' lang='lat' dir='ltr'>illis:</span> 
     </span>
     <span class='ocr_line' id='line_1_24' title="bbox 118 2479 798 2560; baseline -0.003 -22"><span class='ocrx_word' id='word_1_130' title='bbox 118 2480 165 2538; x_wconf 86' lang='lat' dir='ltr'>illa</span> <span class='ocrx_word' id='word_1_131' title='bbox 177 2524 191 2552; x_wconf 89' lang='lat'>,</span> <span class='ocrx_word' id='word_1_132' title='bbox 204 2501 327 2558; x_wconf 88' lang='lat' dir='ltr'>quorum</span> <span class='ocrx_word' id='word_1_133' title='bbox 342 2479 498 2559; x_wconf 84' lang='lat' dir='ltr'>splendore</span> <span class='ocrx_word' id='word_1_134' title='bbox 515 2483 684 2560; x_wconf 73' lang='lat' dir='ltr'>capiuntur,</span> <span class='ocrx_word' id='word_1_135' title='bbox 702 2481 798 2550; x_wconf 81' lang='lat' dir='ltr'>vires,</span> 
     </span>
     <span class='ocr_line' id='line_1_25' title="bbox 117 2559 803 2638; baseline -0.003 -22"><span class='ocrx_word' id='word_1_136' title='bbox 117 2559 318 2619; x_wconf 75' lang='lat' dir='ltr'>valetudinem·</span> <span class='ocrx_word' id='word_1_137' title='bbox 334 2603 344 2630; x_wconf 91' lang='lat'>,</span> <span class='ocrx_word' id='word_1_138' title='bbox 365 2561 609 2638; x_wconf 80' lang='lat' dir='ltr'>pulchritudinem</span> <span class='ocrx_word' id='word_1_139' title='bbox 626 2602 638 2630; x_wconf 91' lang='lat'>,</span> <span class='ocrx_word' id='word_1_140' title='bbox 657 2559 767 2619; x_wconf 77' lang='lat' dir='ltr'>divitias</span> <span class='ocrx_word' id='word_1_141' title='bbox 787 2590 803 2631; x_wconf 53' lang='grc' dir='ltr'>ς,</span> 
     </span>
     <span class='ocr_line' id='line_1_26' title="bbox 118 2641 800 2720; baseline -0.007 -20"><span class='ocrx_word' id='word_1_142' title='bbox 118 2641 264 2713; x_wconf 73' lang='lat' dir='ltr'>horrores,</span> <span class='ocrx_word' id='word_1_143' title='bbox 282 2658 357 2720; x_wconf 78' lang='lat' dir='ltr'>opes</span> <span class='ocrx_word' id='word_1_144' title='bbox 372 2658 591 2716; x_wconf 75' lang='lat' dir='ltr'>nontemnere&#39;,</span> <span class='ocrx_word' id='word_1_145' title='bbox 602 2658 693 2719; x_wconf 68' lang='lat' dir='ltr'>eptpre</span> <span class='ocrx_word' id='word_1_146' title='bbox 709 2683 719 2712; x_wconf 96' lang='lat'>,</span> <span class='ocrx_word' id='word_1_147' title='bbox 735 2656 800 2718; x_wconf 74' lang='lat' dir='ltr'>qua</span> 
     </span>
     <span class='ocr_line' id='line_1_27' title="bbox 118 2721 804 2803; baseline -0.009 -22"><span class='ocrx_word' id='word_1_148' title='bbox 118 2722 161 2781; x_wconf 87' lang='lat' dir='ltr'>his</span> <span class='ocrx_word' id='word_1_149' title='bbox 178 2724 319 2782; x_wconf 88' lang='lat' dir='ltr'>contraria</span> <span class='ocrx_word' id='word_1_150' title='bbox 335 2723 408 2803; x_wconf 82' lang='lat' dir='ltr'>sint,</span> <span class='ocrx_word' id='word_1_151' title='bbox 420 2744 478 2803; x_wconf 90' lang='lat' dir='ltr'>pro</span> <span class='ocrx_word' id='word_1_152' title='bbox 494 2723 586 2781; x_wconf 90' lang='lat' dir='ltr'>nihilo</span> <span class='ocrx_word' id='word_1_153' title='bbox 602 2721 728 2780; x_wconf 86' lang='lat' dir='ltr'>ducere:</span> <span class='ocrx_word' id='word_1_154' title='bbox 743 2735 804 2776; x_wconf 92' lang='lat' dir='ltr'>tum</span> 
     </span>
     <span class='ocr_line' id='line_1_28' title="bbox 118 2797 806 2883; baseline -0.012 -18"><span class='ocrx_word' id='word_1_155' title='bbox 118 2820 257 2882; x_wconf 74' lang='lat' dir='ltr'>poterunt</span> <span class='ocrx_word' id='word_1_156' title='bbox 273 2803 427 2863; x_wconf 69' lang='lat' dir='ltr'>clarissimi</span> <span class='ocrx_word' id='word_1_157' title='bbox 444 2822 521 2864; x_wconf 77' lang='lat' dir='ltr'>voce</span> <span class='ocrx_word' id='word_1_158' title='bbox 538 2799 691 2883; x_wconf 70' lang='lat' dir='ltr'>profiteri,</span> <span class='ocrx_word' id='word_1_159' title='bbox 709 2797 737 2858; x_wconf 82' lang='lat' dir='ltr'>se</span> <span class='ocrx_word' id='word_1_160' title='bbox 753 2817 806 2857; x_wconf 89' lang='lat' dir='ltr'>ue·</span> 
     </span>
    </p>
   </div>
   <div class='ocr_carea' id='block_1_3' title="bbox 116 2881 807 3126">
    <p class='ocr_par' dir='ltr' id='par_1_4' title="bbox 116 2881 807 3126">
     <span class='ocr_line' id='line_1_29' title="bbox 117 2881 807 2965; baseline -0.007 -23"><span class='ocrx_word' id='word_1_161' title='bbox 117 2904 175 2964; x_wconf 76' lang='lat' dir='ltr'>que</span> <span class='ocrx_word' id='word_1_162' title='bbox 191 2884 314 2944; x_wconf 81' lang='lat' dir='ltr'>sortunae</span> <span class='ocrx_word' id='word_1_163' title='bbox 329 2888 459 2965; x_wconf 82' lang='lat' dir='ltr'>impetu,</span> <span class='ocrx_word' id='word_1_164' title='bbox 475 2903 530 2942; x_wconf 83' lang='lat' dir='ltr'>nec</span> <span class='ocrx_word' id='word_1_165' title='bbox 545 2881 736 2942; x_wconf 75' lang='lat' dir='ltr'>multitudinis</span> <span class='ocrx_word' id='word_1_166' title='bbox 744 2881 807 2960; x_wconf 78' lang='lat' dir='ltr'>opi·</span> 
     </span>
     <span class='ocr_line' id='line_1_30' title="bbox 116 2966 806 3043; baseline -0.003 -23"><span class='ocrx_word' id='word_1_167' title='bbox 116 2966 233 3037; x_wconf 79' lang='lat' dir='ltr'>niune,</span> <span class='ocrx_word' id='word_1_168' title='bbox 255 2985 311 3025; x_wconf 81' lang='lat' dir='ltr'>nec</span> <span class='ocrx_word' id='word_1_169' title='bbox 331 2966 435 3026; x_wconf 86' lang='lat' dir='ltr'>dolote</span> <span class='ocrx_word' id='word_1_170' title='bbox 452 3010 461 3038; x_wconf 92' lang='lat'>,</span> <span class='ocrx_word' id='word_1_171' title='bbox 479 2983 534 3024; x_wconf 79' lang='lat' dir='ltr'>aee</span> <span class='ocrx_word' id='word_1_172' title='bbox 557 2977 731 3043; x_wconf 77' lang='lat' dir='ltr'>paupertate</span> <span class='ocrx_word' id='word_1_173' title='bbox 750 2976 806 3019; x_wconf 82' lang='lat' dir='ltr'>ter·</span> 
     </span>
     <span class='ocr_line' id='line_1_31' title="bbox 117 3041 806 3126; baseline -0.001 -26"><span class='ocrx_word' id='word_1_174' title='bbox 117 3046 193 3119; x_wconf 89' lang='lat' dir='ltr'>reri,</span> <span class='ocrx_word' id='word_1_175' title='bbox 210 3041 742 3126; x_wconf 71' lang='lat' dir='ltr'>ermriaque·aibiinsese=effepueita,</span> <span class='ocrx_word' id='word_1_176' title='bbox 756 3058 806 3099; x_wconf 78' lang='lat' dir='ltr'>ae·</span> 
     </span>
    </p>
   </div>
   <div class='ocr_carea' id='block_1_4' title="bbox 0 0 1070 4067">
    <p class='ocr_par' dir='ltr' id='par_1_5' title="bbox 0 0 1070 4067">
     <span class='ocr_line' id='line_1_32' title="bbox 0 0 1070 4067; baseline 0 0"><span class='ocrx_word' id='word_1_177' title='bbox 0 0 1070 4067; x_wconf 95' lang='lat' dir='ltr'> </span> 
     </span>
    </p>
   </div>
  </div>
 </body>
</html>
