2125 4067
123 3394 221 3562 Ἰ

249 547 333 623 ·ἰ88
376 546 491 616 :Da
530 544 807 639 stutauss

251 658 349 742 juntia
364 660 628 721 ultimabonorum
645 679 655 732 ;
680 680 770 740 quae,
790 675 827 721 ut
848 658 938 722 essent

252 761 343 814 veta,
353 739 491 822 conjungi
503 741 682 801 debuerunt:
697 761 775 800 nunc
791 739 846 802 ista
860 741 941 823 septt-

252 837 369 896 rantur‚
386 838 417 882 ut
435 819 574 901 disjuntta
586 822 656 879 sint:
674 840 734 901 quo
753 821 827 881 nihil
848 820 942 904 potest

255 899 314 963 elle
331 904 504 982 perversius.
926 950 928 957 .

295 1000 346 1056 41·
367 980 470 1064 Itaque
487 978 589 1042 contri
604 977 665 1053 est,
683 1000 717 1039 ac
734 979 853 1056 dicitis;
875 1002 942 1042 nam

255 1060 389 1123 constitui
411 1063 502 1125 virtus
523 1060 605 1120 nullo
627 1059 721 1120 modo
742 1060 870 1142 potest,
891 1062 942 1121 niti

256 1161 313 1217 ea,
336 1163 400 1225 quae
419 1142 482 1202 sunt
500 1145 593 1222 prima
611 1158 718 1199 naturae
737 1186 746 1214 ,
770 1158 804 1201 ut
823 1142 864 1202 ad
874 1140 943 1202 sum·

253 1244 335 1285 mam
352 1225 551 1305 pertinentia,
570 1222 691 1281 tenebit.
714 1221 850 1301 Quaesita
866 1225 940 1283 enim

254 1306 345 1363 virtus
363 1302 423 1375 est,
443 1323 503 1362 non
519 1323 583 1382 quae
594 1301 772 1382 relinqueret
789 1319 941 1376 naturam,

254 1383 305 1444 sed
328 1403 392 1464 quae
411 1398 559 1442 tueretura
571 1380 612 1439 At
627 1381 700 1453 illa,
721 1399 754 1441 ut
774 1383 863 1443 vobis
880 1383 941 1463 pla-

255 1479 304 1521 cet
321 1505 330 1535 ‚
355 1477 467 1541 partem
488 1461 644 1542 quamdam
660 1477 758 1520 tuetur
775 1507 786 1536 ,
802 1463 941 1544 reliquam

256 1541 370 1602 deserit.
387 1542 485 1622 Atque
497 1541 556 1621 ipsa
572 1540 710 1600 inllitutio
724 1543 854 1603 hominis
866 1544 890 1603 si
900 1543 942 1602 lo·

255 1638 410 1702 queretur,
430 1622 489 1680 haec
501 1621 629 1682 diceret:
648 1619 761 1683 Primos
776 1621 845 1682 suos
864 1623 940 1705 quasi

255 1719 367 1783 coeptus
386 1702 544 1783 appetendi
563 1700 644 1761 fuille
660 1745 670 1775 ‚
687 1719 723 1760 ut
740 1701 770 1763 se
787 1702 941 1764 consem-

255 1797 301 1843 ret
316 1783 345 1842 in
363 1802 398 1842 ea
417 1801 517 1841 natura
536 1783 565 1841 in
585 1803 641 1862 qua
660 1798 738 1840 ottus
757 1780 840 1844 ess'et.
859 1782 940 1844 Non-

255 1861 328 1921 dum
350 1879 447 1922 autem
472 1863 657 1943 explanatum
675 1860 741 1920 satis
764 1880 854 1935 erat,
875 1862 938 1945 quid

255 1943 381 2005 maxime
400 1959 500 2002 natura
517 1943 633 2003 vellet:
657 1943 828 2022 explanetur
849 1945 939 2026 igitur.

250 2023 338 2104 Quid
357 2044 429 2107 ergo
449 2023 527 2084 aliud
544 2021 746 2103 intelligetur,
771 2025 827 2084 nisi
847 2040 879 2084 ut
902 2041 938 2083 ne

255 2125 310 2184 qua
326 2126 392 2186 pars
410 2121 517 2164 naturae
532 2102 712 2186 negligatur?
730 2105 760 2162 in
780 2125 838 2186 qua
856 2106 880 2164 si
897 2104 942 2172 ni,-

255 2185 297 2245 hil
315 2184 356 2246 est
373 2203 477 2266 praeter
494 2187 655 2256 rationem,
672 2185 707 2243 sit
718 2185 747 2242 in
761 2205 821 2244 una
837 2186 939 2245 virtute

256 2263 319 2325 finis
340 2267 504 2327 bonorum:
527 2268 570 2325 sin
589 2263 630 2326 est
646 2266 733 2324 etiam
751 2284 879 2346 corpus,
894 2262 940 2324 ista

255 2347 420 2425 explanatio
439 2363 549 2406 naturae
570 2364 679 2425 nempe
702 2345 759 2404 hoc
785 2343 938 2416 effecerit,

255 2441 288 2483 ut
309 2444 368 2498 ea,
389 2447 454 2502 quae
476 2443 544 2488 ante
568 2445 604 2485 ex
626 2425 793 2486 litationem
817 2424 938 2486 teneba-

254 2522 348 2573 mus,
373 2506 578 2584 relinquamus.
606 2447 686 2588 litgo
709 2505 740 2565 id
763 2502 812 2566 est.
827 2524 940 2565 conve·

256 2583 370 2723 zienter
395 2601 504 2645 naturae
530 2585 656 2660 vivete,
682 2607 700 2646 a
722 2603 823 2646 natura
847 2585 940 2646 disce·

281 2682 340 2724 ere.
925 2700 928 2715 ·

296 2764 346 2819 42.
369 2742 413 2804 Ut
425 2743 543 2825 quidam
558 2743 743 2826 philosophi,
753 2765 845 2826 quum
855 2765 872 2804 a
882 2741 942 2804 sen·

255 2824 333 2886 sibus
372 2825 473 2886 roselli
489 2823 602 2904 majora
637 2825 749 2886 uaedam
768 2848 801 2886 ac
814 2825 942 2885 divinio-

257 2927 290 2966 ta
310 2847 463 2979 viriillenm
483 2905 578 2968 sensus
594 2847 792 2988 reliquerunt:
813 2909 853 2966 sic
875 2903 941 2976 issi,

256 3007 346 3066 quum
369 3007 404 3048 ex
420 2989 602 3068 appetitione
625 3007 721 3049 rerum
742 2988 855 3048 virtutis
877 2982 942 3066 pul·

255 3066 448 3153 ¹‚clttltudiuem
474 3064 689 3149 adspexiffent,
716 3069 849 3140 omnia,
878 3084 941 3148 qu:
