2125 4067
213 530 371 602 bruun
399 547 683 605 sucurrones
721 513 800 630 37j

155 667 185 720 r,
204 666 265 706 non
283 646 460 707 laudandum
480 663 611 726 putaret:
625 647 705 729 quod
725 667 800 730 ergo

160 725 317 806 postulatur
328 748 345 786 a
355 726 493 798 fortibus,
507 728 540 786 &
551 726 698 801 laudatur,
708 748 799 809 quum

156 830 167 879 ,·
184 809 216 866 id
234 824 281 866 aur
303 804 487 866 extimescere
510 809 649 881 veniens,
671 826 798 870 autnon

155 906 193 946 re
215 885 365 965 praesens,
384 905 483 944 nonne
500 902 584 965 turpe
610 886 650 946 est
670 887 681 946 l
709 888 800 970 Atqui

155 964 206 1037 de,
223 986 279 1039 ne,
294 986 383 1046 quum
394 984 497 1024 omnes
514 964 598 1025 reclae
614 968 699 1026 animi
714 965 800 1028 affec·

155 1065 212 1105 »nes
235 1048 351 1106 uirtutes
371 1045 580 1126 appellentur,
602 1047 717 1105 nonsit
743 1047 801 1109 hoc

155 1127 266 1206 oprium
284 1145 395 1186 nornen
419 1127 580 1198 omnium3
605 1124 655 1186 sed
680 1125 715 1185 ab
741 1145 805 1202 ea,

156 1226 180 1265 ae
201 1226 257 1265 una
277 1209 380 1267 ceteris
402 1205 594 1278 excellebat,
617 1226 720 1269 ornnes
741 1227 801 1268 no-

158 1303 231 1346 narae
251 1287 325 1345 sint:
354 1280 506 1366 appellara'
518 1283 559 1345 est
581 1289 658 1346 enirn
684 1306 720 1346 ex
741 1288 801 1348 uiro

156 1382 207 1425 :tus
219 1387 228 1438 3
245 1369 298 1426 viri
313 1385 410 1426 autem
423 1366 540 1446 propria
552 1366 676 1426 maxime
687 1364 727 1427 est
741 1364 804 1426 for·

156 1446 214 1505 udo
233 1466 242 1504 t
261 1444 341 1523 cuius
360 1467 480 1506 munera
500 1445 559 1504 duo
577 1444 639 1506 sunt
654 1448 801 1519 maxima;

156 1527 239 1596 uris,
254 1523 415 1606 dolorisque
432 1527 624 1606 contemptio.
646 1525 802 1588 Utendum

180 1608 265 1685 igitur
282 1606 353 1677 liis,
376 1607 398 1664 si
418 1607 526 1665 virtutis
549 1625 727 1687 compotes,
749 1604 802 1667 vel

157 1686 214 1745 rius
229 1686 253 1742 si
269 1687 323 1746 viri
336 1685 469 1747 volumus
482 1683 558 1758 elle,
575 1689 712 1767 quonian
724 1708 741 1747 a
754 1687 801 1750 vi·

171 1766 262 1824 virtus
275 1785 382 1826 nomen
401 1764 441 1825 est
451 1783 588 1825 mutuata.
803 1826 805 1833 ,

156 1842 251 1904 XIX.
272 1845 393 1925 Quaeres
412 1844 545 1918 fortasse,
559 1867 617 1923 quo
634 1846 748 1918 rnod03
766 1847 802 1907 δε

156 1923 193 1985 ild
207 1926 337 2004 quidem:
354 1925 442 1985 talem
453 1929 531 1984 enim
549 1925 720 1984 medicinam
732 1926 804 2004 plri-

156 2002 246 2087 'opliia
266 2003 427 2083 profitetur.
446 2004 538 2069 Venit
558 2001 697 2081 Epicurus
716 2047 727 2073 ,
745 2005 805 2062 ho·

156 2106 169 2147 u
193 2085 316 2157 minime
335 2084 450 2155 malus,
472 2083 520 2142 vel
541 2084 638 2160 porilrs
658 2083 703 2140 vir
723 2084 803 2161 opti·

156 2185 199 2237 rs:
224 2183 335 2224 tanturn
354 2179 475 2234 monet,
498 2179 637 2242 quantuni
658 2160 810 2242 intelligit.

156 2245 252 2327 231ng
265 2246 375 2382 ἱηέυἱτ,
391 2244 518 2302 dolorem.
543 2239 621 2318 Quis
636 2240 694 2299 hoc
712 2241 778 2301 dicit
788 2241 808 2305 i.

156 2345 216 2397 rm,
232 2327 281 2406 qui
318 2324 432 2383 olorem
445 2321 587 2380 sumntum
600 2320 719 2380 malum.
741 2319 808 2384 Vix,

158 2407 181 2464 is
193 2404 376 2465 constanter:
394 2402 553 2462 audiamus.
571 2401 605 2461 Si
616 2400 737 2478 summus
749 2404 804 2462 do·

156 2508 161 2521 ·
180 2488 233 2566 est,
251 2488 363 2567 inquit,
381 2481 525 2563 neceffeejl
544 2483 648 2541 brevem
665 2479 722 2559 effe.
741 2481 802 2544 Ite·

156 2565 218 2624 luni
241 2567 345 2626 eadem
373 2563 422 2623 ista
440 2563 509 2623 mihi
530 2583 540 2635 ;
560 2584 622 2624 non
640 2564 718 2622 enim
736 2561 808 2623 satie

156 2645 273 2726 :elligo,
291 2646 359 2725 quid
376 2646 518 2705 sumtuum
535 2643 612 2702 dicas
629 2641 686 2702 elle
704 2687 715 2716 ‚
731 2644 808 2722 quid

156 2744 221 2785 eve.
246 2729 408 2795 Summum,
428 2746 479 2800 quo
504 2723 577 2781 nilril
597 2722 634 2779 sit
648 2721 772 2799 superius
791 2743 809 2784 r.

156 2826 219 2875 tue,
238 2825 290 2881 quo
305 2804 376 2862 nihil
395 2804 511 2860 brevius.
530 2803 676 2860 contemno
694 2800 812 2880 magni-‚

157 2885 240 2942 dinem
255 2884 374 2953 doloris,
392 2903 411 2938 a
428 2902 484 2960 qua
494 2901 534 2937 me
545 2881 663 2936 brevitas
676 2883 811 2958 temporis:

157 2963 274 3026 rdicabit
294 2964 356 3026 ante*
370 2983 441 3044 perte
461 2961 546 3043 qudra-
562 2958 675 3026 ¹seruerit.
687 2957 758 3051 ¹Sed
776 2962 808 3025 si
