2125 4067
174 499 256 584 ‘344
302 475 729 553 Tuscurrrvrrurr

173 600 205 663 id
223 612 322 661 curem
336 599 418 671 vivi,
435 596 484 659 sed
496 597 534 658 ira
545 640 555 671 ,
566 612 600 657 ut
613 595 798 678 intelligant,
813 595 858 656 nia

174 677 215 741 hil
241 678 277 740 ad
301 694 433 738 mortuos
455 680 613 758 pertinere.
640 674 701 737 Sed
725 675 858 757 profem

172 780 253 821 mors
280 773 341 816 tum
365 758 526 838 aequissimo
552 759 650 817 animo
679 758 857 837 oppetitur,

171 860 263 979 ῗιιιῐω
280 837 334 897 suis
350 835 382 897 se
397 838 529 898 laudibus
544 840 606 898 vita
625 837 766 897 occidens
785 847 857 896 corf-

185 919 256 979 olari
274 914 387 998 potest:
406 936 496 978 nemo
535 937 616 976 arum
632 917 683 975 diu
698 917 793 990 vixit,
812 917 857 998 qui

172 1000 287 1060 virturis
327 996 440 1058 erfefirae
456 938 588 1079 perpe&
606 995 722 1056 funerus
735 995 778 1056 est
794 1015 858 1055 mu-

173 1099 256 1139 nere.
314 1078 373 1137 ulta
385 1077 454 1137 mihi
471 1080 525 1158 ipsi
542 1077 579 1137 ad
590 1093 723 1137 mortem
731 1092 859 1156 tempes-

173 1161 237 1218 riva
249 1157 364 1217 fuerunt
373 1177 386 1231 3
396 1178 460 1237 que
471 1159 581 1217 utinam
589 1155 746 1236 potuifferu
759 1156 855 1216 obire!

174 1238 247 1298 nihil
276 1240 353 1297 enim
378 1234 437 1317 jam
462 1237 661 1319 acquirebatur
682 1257 693 1309 ;
719 1237 858 1295 cumulata

175 1333 259 1379 erant
277 1315 373 1376 officia
388 1320 476 1390 vitae3
493 1338 559 1376 cum
570 1316 693 1389 'fortuna
708 1316 790 1375 bella
804 1335 859 1375 res·

175 1399 284 1457 rabant.
309 1394 432 1474 Quare,
451 1399 475 1456 si
489 1396 548 1476 ipsa
565 1398 639 1457 ratio
658 1397 757 1455 minus
773 1393 860 1476 perfi-

174 1478 253 1550 ciet,
271 1491 303 1534 ut
324 1493 451 1534 mortem
470 1477 619 1558 negligere
637 1478 785 1557 possimus
802 1496 812 1549 ;
831 1491 859 1534 at

175 1558 236 1616 vita
258 1554 320 1614 afta
338 1554 468 1635 perficiat
485 1600 495 1630 ,
514 1574 547 1616 ut
566 1555 630 1615 satis
651 1555 797 1637 superque
815 1556 861 1615 vi·

175 1633 245 1695 xiffe
267 1634 441 1696 videamur:
466 1650 642 1717 quamquam
667 1637 750 1696 enim
771 1633 860 1696 sensus

175 1715 298 1788 abierit,
311 1731 409 1774 tamen
421 1714 538 1775 summis
557 1717 589 1775 δι
599 1718 727 1794 propriis
734 1713 859 1775 bonis&

173 1793 290 1867 laudis,
311 1794 472 1874 &gloriae,
512 1797 623 1855 uamvis
636 1814 699 1853 non
718 1793 860 1875 sentiunt,

176 1874 284 1933 mortui
294 1894 355 1932 non
368 1891 475 1934 carent·
491 1817 554 1934 {tsi
566 1873 727 1934 enim-nihil
736 1874 859 1934 habetin

176 1952 205 2013 se
224 1954 333 2035 gloria,
354 1974 404 2013 cur
421 1973 457 2014 ex
480 1970 591 2028 etatum,
606 1956 708 2012 tamen
724 1948 861 2013 virtutem

177 2051 325 2115 tamquam
339 2034 440 2093 umbra
452 1975 480 2093 g
521 2036 585 2092 itur.
601 2032 719 2092 Verum
733 2032 861 2092 multitu·

179 2115 251 2172 dinis
274 2113 411 2191 judicium
435 2114 472 2172 de
511 2117 598 2184 onis,
616 2115 640 2170 si
660 2112 781 2192 quando
802 2110 861 2183 est,

178 2197 268 2274 magis
286 2193 460 2252 laudandum
476 2192 516 2253 est
532 2239 542 2267 ‚
564 2191 652 2272 quem
668 2193 711 2252 illi
733 2193 774 2253 ob
798 2209 864 2254 eam·

177 2294 239 2333 rem
256 2275 344 2332 beari.
854 2306 856 2311 ·

219 2353 347 2413 XLVI.
364 2352 433 2413 Non
443 2352 555 2434 poffum
564 2368 661 2412 autem
671 2352 779 2427 dicere,
789 2348 862 2433 quu-

178 2453 238 2509 quo
252 2433 344 2492 modo
357 2434 413 2492 hoc
426 2437 596 2513 accipiatur,
608 2433 794 2514 Lycurgum,
805 2431 858 2490 So·
892 2455 895 2460 ·

179 2511 277 2569 lunem
288 2555 299 2583 ‚
310 2512 336 2569 le
359 2533 407 2588 um
423 2514 453 2570 δ(
468 2514 589 2592 publicae
600 2513 751 2594 discipline
760 2528 857 2569 carere

178 2589 294 2671 glorie:
320 2533 548 2652 ffhemistoclem
567 2638 576 2664 ‚
598 2589 829 2672 Epaminondam
846 2610 858 2661 ·,

177 2670 289 2731 bellicae
309 2670 431 2730 virturis.
449 2671 529 2731 Ante
543 2674 621 2732 enim
633 2671 808 2732 Salaminam
815 2668 860 2747 ip·

178 2752 239 2812 sam
265 2749 417 2829 Neptunus
442 2751 576 2822 obruet,
602 2752 691 2832 quum
718 2749 860 2810 Salaminii

178 2834 281 2913 tropaei
297 2833 467 2892 memoriam
479 2853 488 2906 ;
500 2831 632 2913 priusque
643 2829 761 2890 Boeotia
773 2829 861 2889 Leuc·

178 2930 223 2972 rra
236 2914 394 2987 tollentur,
411 2913 497 2994 quum
508 2934 612 2994 pugnae
626 2909 785 2971 Leuffiicae
795 2909 865 3050 {lo-1

178 2994 231 3055 ria.
243 2995 341 3056 Multb
354 2994 569 3073 autemrardius
581 2992 658 3056 fama
674 2991 788 3055 deseret
826 3008 864 3053 ue·
