2125 4067
293 481 449 554 Lraarr
485 498 731 570 Quantus.
786 482 863 576 465

183 587 324 659 ducuntur
340 602 354 672 )
372 600 489 680 quando
510 601 595 680 igitur
612 601 701 659 virtus
718 593 760 658 est
778 594 868 657 affec·

183 679 226 736 tio
247 681 333 737 animi
354 677 510 752 constans,
527 677 779 758 conveniensque,
799 676 867 736 lau-

182 756 294 816 dabiles
321 757 447 820 efficiens
469 778 521 818 eos
538 800 548 830 ,
568 760 599 817 in
644 759 724 817 uibus
743 754 808 829 est,
832 757 866 817 δι

183 834 245 916 ipsa
269 857 322 915 per
340 837 394 910 se,
420 837 468 896 sui
484 837 588 916 sponte
601 879 611 909 ‚
624 780 754 916 deputati
774 839 864 896 etiam

183 915 333 987 utilitate,
352 916 524 989 laudabilis;
546 934 634 976 exea
652 913 867 997 proficiscuntur

183 993 313 1054 honestae
328 995 517 1068 voluntates,
536 993 701 1066 sententiae,
720 994 867 1070 adimes,

185 1073 337 1154 omnisque
351 1075 428 1136 reda
440 1078 513 1137 tatio
527 1094 535 1133 :
552 1093 725 1155 quamquam
738 1073 797 1153 ipsa
810 1077 869 1134 vir·

185 1170 231 1213 tus
243 1155 412 1214 brevissime
428 1155 504 1216 tedia
523 1157 597 1214 ratio
611 1155 667 1214 dici
683 1152 787 1234 potest.
801 1153 869 1213 Hu-

185 1228 231 1314 jus
255 1235 341 1314 igitur
368 1235 480 1296 virtutis
501 1237 643 1295 contraria
670 1233 711 1294 est
728 1233 869 1294 vitiositas

187 1312 203 1394 (
224 1316 263 1372 sic
277 1316 353 1373 enim
366 1316 466 1389 malo,
485 1314 572 1394 quiam
586 1315 745 1389 malitiam,
764 1333 781 1372 a
803 1313 868 1392 pel·
877 1314 890 1341 ‘⁴

187 1393 247 1454 lare
261 1414 346 1466 earn,
363 1415 449 1474 quam
462 1392 560 1455 Graeci
580 1396 678 1457 anxier
701 1332 868 1489 appedant':

187 1493 256 1532 nam
278 1473 387 1534 malitia
406 1476 478 1536 certi
497 1472 642 1552 cujusdam
667 1477 730 1533 vitia
756 1491 869 1534 nomen

188 1551 258 1626 est;
288 1554 431 1614 vitiositas
457 1552 614 1633 omnium)
635 1573 672 1613 ex
693 1574 750 1634 qua
765 1554 870 1613 conci·

187 1649 284 1693 tantur
295 1633 524 1711 perturbationes
538 1674 548 1707 ,
563 1633 719 1713 quaesunt,
734 1648 766 1692 ut
778 1632 870 1714 paulo

189 1713 257 1772 ante
273 1711 416 1786 diximus,
435 1713 541 1773 turbidi
558 1715 720 1774 animorum
736 1715 869 1773 concita-

188 1795 270 1873 tique
288 1809 384 1852 motus
397 1835 408 1865 ‚
422 1795 516 1855 aversi
533 1795 698 1867 aratione,
719 1791 752 1853 δι
770 1795 869 1854 inimi-

189 1873 293 1932 cissimi
313 1873 442 1945 mentis,
460 1875 585 1953 vitaeque
604 1873 785 1953 tranquillae:
807 1876 868 1932 inr-

190 1966 307 2032 portant
330 1953 408 2011 enim
436 1952 619 2032 aegritudines
651 1954 749 2010 anxias
779 1967 867 2031 atque

191 2033 333 2102 acerbas,
347 2030 515 2111 animosque
532 2029 682 2110 affligunt,
709 2030 742 2089 ὃ(
764 2029 870 2090 debiti-

191 2127 251 2171 tant
267 2126 366 2171 metu:
385 2109 474 2170 iidem
492 2111 672 2170 inflammant
689 2112 869 2190 appetitione

191 2191 279 2251 nimii
291 2213 300 2265 3
322 2210 409 2269 quant
423 2207 485 2248 tunt
497 2189 708 2270 cupiditatem,
723 2207 787 2248 tum
805 2190 887 2250 libi.

191 2271 289 2331 dinem
318 2269 465 2340 dicimus,
489 2270 692 2349 impotentiam
713 2267 870 2347 quamdam

191 2351 298 2420 animi,
315 2371 331 2408 a
344 2349 534 2428 temperantia
547 2349 580 2408 ὃ(
592 2347 794 2409 moderatione
807 2348 873 2429 plu·

191 2432 295 2490 timiam
308 2428 509 2488 dissidentem:
525 2449 590 2510 quae
602 2427 753 2509 siquando
765 2427 871 2510 adepta

194 2507 305 2582 estid,
328 2508 408 2590 quod
426 2511 454 2568 ei
473 2507 559 2571 fuerit
577 2510 787 2590 concupitum,
808 2526 871 2571 tum

192 2587 282 2651 fertur
296 2589 463 2662 alacritate,
474 2605 506 2649 ut
518 2589 591 2648 nihii
602 2591 630 2649 ei
643 2586 773 2662 constet,
789 2588 872 2669 quod

192 2686 280 2749 agat:
309 2668 430 2736 mille,
448 2672 498 2746 qui
517 2671 702 2747 voluptatem
717 2667 805 2729 animi
825 2671 874 2728 ni-

192 2750 306 2817 miam,
325 2746 465 2805 summum
486 2746 544 2808 effe
566 2767 698 2807 errorem
714 2749 878 2808 arbitratur.
917 2749 919 2753 ’

193 2825 307 2888 'Eorum
320 2825 410 2904 igitur
424 2825 567 2885 tnalorum
582 2827 612 2884 in
627 2847 685 2893 una
699 2828 806 2888 virtute
820 2849 878 2908 po·

196 2908 251 2966 sita
265 2904 373 2963 sanatio
394 2901 450 2964 est.
867 2960 869 2967 ,

236 2981 340 3051 XVI.
359 2982 444 3067 Quid
468 2996 567 3049 autern
593 2981 636 3047 est
664 3005 739 3130 nup(
751 2984 880 3054 miserim

603 3084 605 3088 ¹
707 3125 712 3137 .
758 3088 780 3134 V
