2125 4067
237 524 313 623 '24⁸
403 525 481 596 Du
515 538 761 599 mutuno

236 642 324 707 tendi
338 641 525 721 cupiditatem
543 642 678 704 videmus
697 643 811 702 ultimas
830 632 921 704 terrai

238 720 294 781 esse
313 738 477 802 peragratas
497 723 510 781 ἓ
537 742 599 802 quae
627 723 676 804 qui
701 742 761 781 non
784 721 918 794 rident,

235 801 307 861 nihil
326 822 464 882 umquam
489 806 593 883 magud
614 803 780 885 cognitione
801 803 919 885 dignum

230 876 417 941 efflaverunt.
439 882 542 962 Atque·
557 882 614 941 hoc
627 883 694 942 loco
707 910 720 956 ,·
736 884 785 964 qui
800 903 855 1022 fito
876 899 920 942 tet·

235 962 324 1021 animi
344 961 511 1042 voluptates
539 963 596 1021 coli
622 962 721 1021 dicunt
744 982 779 1022 ea
825 983 842 1020 u
864 963 918 1036 ia,

233 1061 301 1122 quae
320 1040 398 1115 dixi,
420 1062 479 1102 non
500 1040 664 1123 intelligunt
679 1041 789 1103 idcirco
810 1039 867 1103 effe
885 1060 919 1102 ea

236 1138 359 1202 propter
376 1121 404 1181 se
421 1121 611 1202 expetenda,
626 1121 728 1202 quod,
744 1121 822 1184 nulli
840 1121 920 1182 utili·

236 1217 299 1260 tate
321 1199 463 1280 objedid,
490 1200 669 1263 deletientur
691 1203 808 1274 animi,
834 1218 920 1282 atque

237 1282 300 1360 ipsa
312 1280 448 1354 scientia,
461 1281 549 1341 etiam
563 1282 587 1340 si
599 1281 854 1342 incommodatura
866 1283 919 1356 sit,

237 1360 393 1445 gaudeant.

284 1446 330 1522 51.
360 1440 418 1502 Sed
448 1437 516 1521 quid
548 1441 651 1502 attinet
684 1439 721 1500 de
749 1438 835 1499 rebus
863 1452 921 1497 tam

237 1522 346 1601 apertis
369 1521 449 1603 plura
472 1519 644 1602 requirere?
669 1522 722 1603 ipsi
745 1521 824 1579 enim
841 1538 922 1598 quae-

238 1621 335 1660 ramus
356 1602 495 1673 anobis,
516 1599 661 1661 stellantm
680 1615 777 1660 motus
791 1615 924 1658 contem·

238 1681 437 1762 piationesque
449 1700 551 1741 rerum
566 1680 746 1752 coelestium,
761 1694 922 1758 eorumque

240 1763 396 1836 omnium,
415 1782 479 1841 quae
499 1778 608 1822 naturae
624 1760 798 1822 obscuritate
820 1756 924 1820 occul·

239 1848 360 1916 rantur,
381 1862 417 1901 co
439 1842 584 1914 tuitiones,
607 1837 857 1921 quemadmodum
869 1857 923 1900 nor

239 1937 403 1994 moveant3
418 1861 531 2001 {cquid
546 1919 661 1981 historia
677 1917 823 1993 delettet,
836 1935 924 1999 quam

240 1998 366 2061 solemus
415 1999 524 2081 ersequi
554 1999 642 2080 usque
666 2000 703 2059 ad
731 2015 922 2059 extremum:

241 2022 426 2162 praetermiiia
453 2081 642 2160 repetimus,
672 2079 807 2139 inchoata
849 2075 924 2140 etse·

240 2163 365 2241 quimur.
386 2159 450 2219 Nec
473 2161 547 2219 veto
563 2159 624 2221 sunt
644 2159 770 2232 inscius,
789 2176 808 2218 e
831 2177 849 2218 e
867 2157 923 2217 uti·

237 2241 352 2312 ¹litatem
374 2243 404 2300 in
427 2237 567 2314 historia,
592 2260 656 2298 non
672 2239 764 2299 modo
783 2237 924 2317 volupta-

242 2338 315 2383 tem.
334 2321 439 2400 Quid,
465 2341 554 2401 quum
573 2318 649 2380 fidas
671 2318 802 2391 fabulas,
822 2337 840 2378 e
857 2317 923 2397 qui-

241 2401 296 2471 bus
322 2404 426 2460 utilitas
448 2402 524 2459 uuila
546 2400 612 2459 duci
631 2399 748 2480 potest,
775 2417 841 2457 cum
863 2415 922 2464 vo·⁴

241 2480 354 2561 luptate
375 2480 521 2559 legimus?

228 2573 241 2629 J
287 2577 333 2640 52.
357 2558 459 2638 Quid,
476 2579 565 2639 quum
581 2559 717 2619 volumus
733 2559 853 2620 nomina
870 2567 923 2619 eoi

242 2660 329 2714 rum,
345 2643 393 2720 qui
408 2638 477 2720 quid
492 2637 646 2720 gesserint,
664 2657 735 2700 nota
747 2639 831 2699 nobis
846 2635 925 2710 eise,

241 2739 400 2806 parentes,
419 2723 566 2800 patriam,
589 2721 679 2780 multa
700 2736 842 2800 praeterea
865 2719 925 2777 mi·

242 2803 322 2871 nime
350 2799 502 2863 neceffaria
526 2799 538 2858 ἒ
564 2801 662 2881 quid,
690 2799 769 2880 quod
789 2799 926 2858 homines
948 2866 950 2871 Ι

241 2881 342 2944 infimi
361 2881 496 2954 fortuni,
515 2881 592 2940 nnlld
604 2880 653 2961 spe
670 2900 766 2940 rerum
783 2877 928 2960 gerenda·

243 2985 328 3037 rum,
347 2962 466 3044 opifices
482 2963 628 3042 denique,
643 2959 822 3020 deledentur
839 2955 928 3017 histo·

243 3044 308 3105 rit?
328 3044 509 3123 maximeque
527 3062 580 3105 eos
596 3041 698 3106 videre
716 3036 865 3122 poffumus
881 3054 928 3107 tet
950 3108 952 3115 Ι
