2125 4067
218 553 220 557 ‘
255 543 405 617 [ιω-ιι
443 560 692 632 Quantus·
745 511 818 641 1¹73¹

130 664 225 723 vattix
244 661 307 734 sui,
325 678 357 721 ut
383 661 414 720 ὃ(
431 660 508 722 saiva
528 665 585 736 sit,
609 662 687 722 &in
709 657 818 742 geuene

129 743 321 802 conservetur
340 740 409 800 suo:
430 746 467 800 ad
479 743 555 802 hanc
570 762 631 820 rem
646 744 724 800 aiunt
740 759 817 801 artes

130 842 252 901 quoque
271 822 441 898 requisitas,
464 843 528 900 quae
546 839 675 880 naturam
692 819 818 898 adjuva-

133 917 225 972 rent,
248 899 398 978 inquibus
417 918 451 958 ea
474 917 638 960 numeratur
651 903 679 959 in
698 903 818 980 primia,

134 1000 202 1058 quae
227 977 268 1038 est
287 977 406 1038 vivendi
426 999 495 1050 ars,
518 994 551 1036 ut
568 995 676 1040 tueatur
697 982 777 1059 quod
798 1003 816 1045 a

132 1078 236 1118 natura
260 1057 361 1117 datum
379 1060 414 1116 sit
432 1101 442 1131 ,
462 1057 545 1137 quod
560 1057 652 1130 desit,
674 1063 819 1138 acquirat:

131 1139 281 1218 iidemque
308 1135 462 1196 diviserunt
488 1153 622 1197 naturam
645 1138 768 1196 hominis
791 1140 822 1200 in

131 1222 261 1278 animum
272 1218 304 1277 &
315 1239 436 1298 corpus:
468 1237 597 1297 uumque
607 1237 709 1276 eorum
721 1234 827 1277 utrum·

132 1319 191 1379 que
205 1319 258 1379 per
275 1297 303 1358 se
321 1239 519 1377 expetendum
531 1297 588 1356 effe
604 1295 750 1370 d'ucissent,
763 1299 825 1356 vir-

133 1395 211 1437 tutes
229 1398 347 1458 quoque
364 1377 506 1459 utriusque
528 1399 631 1438 eorurn
650 1398 703 1458 per
721 1376 751 1436 se
769 1398 825 1436 ex-

134 1459 278 1538 petendas
296 1454 352 1517 effe
369 1458 518 1517 dicebant:
536 1460 568 1518 δι
585 1479 674 1538 quum
690 1460 820 1518 animum

136 1538 261 1618 quadarn
283 1534 391 1596 infinita
411 1539 494 1598 laude
513 1557 728 1619 anteponerent
750 1560 820 1598 con-

134 1619 221 1698 pori,
239 1619 359 1677 virtutes
372 1638 488 1700 quoque
503 1621 590 1679 animi
605 1618 691 1679 bonis
710 1639 820 1700 corpo-

134 1700 174 1758 ris
194 1698 422 1778 anteponebant.
794 1754 796 1760 .

179 1796 224 1852 17.
245 1777 304 1838 Sed
322 1800 411 1859 quum
426 1776 593 1859 sapientiam
613 1781 701 1839 totius
721 1779 817 1839 homi·

133 1860 178 1916 nis
200 1857 348 1919 custodem
370 1859 651 1938 &procuratricem
671 1858 728 1920 effe
752 1861 819 1919 vel-

133 1938 215 2011 lent,
231 1960 294 2018 quae
308 1937 378 1998 esset
394 1956 501 1998 natutae
514 1959 616 1999 comes
632 1940 665 1998 δὲ
678 1938 819 2018 adjutrix3

133 2017 193 2076 hoc
210 2017 352 2100 sapientiae
362 2039 464 2078 munus
474 2017 530 2078 effe
547 2017 701 2091 dicebant,
711 2036 742 2078 ut
752 2036 821 2079 eum

134 2114 288 2170 tueretur,
308 2099 357 2178 qui
378 2097 519 2158 constaret
538 2101 687 2159 exanimo
710 2100 742 2158 &
755 2120 822 2158 con·

135 2196 212 2256 pote
222 2198 232 2247 3
243 2180 272 2234 in
280 2193 405 2256 utroque
415 2175 528 2253 juvaret
538 2198 618 2249 eum,
629 2197 714 2256 atque
730 2181 825 2236 conti·

134 2275 240 2316 neret:
257 2272 342 2336 atque
352 2259 391 2314 ita
402 2276 433 2315 re
445 2258 540 2334 ptimb
553 2258 720 2335 simpliciter
729 2257 823 2316 collo-

134 2340 200 2397 cati
211 2380 220 2407 ,
232 2335 340 2416 reliqua
354 2334 480 2395 subtilius
490 2334 707 2417 persequentes,
716 2359 766 2397 cor
788 2360 822 2399 u·

133 2418 174 2477 ris
194 2418 273 2476 bona
292 2415 407 2476 facilem
427 2417 582 2499 quamdam
602 2420 745 2480 rationem
767 2359 820 2481 iia-

133 2496 206 2557 bete
230 2495 410 2559 censebant:
434 2498 471 2558 de
493 2500 580 2558 animi
599 2498 684 2558 bonis
702 2522 820 2561 accura-

134 2578 205 2636 tibs.
219 2578 408 2659 exquirebant
426 2599 436 2650 ;
457 2581 487 2639 in
507 2579 663 2660 primisque
688 2585 820 2661 reperie-

133 2656 226 2730 bant,
243 2660 273 2717 in
289 2659 332 2717 his
348 2658 435 2718 ineffe
452 2657 562 2734 justitiae
579 2659 703 2720 semina:
719 2663 821 2739 primi-

133 2757 194 2817 que
214 2756 250 2795 ex
267 2738 401 2796 omnibus
422 2737 599 2818 philosophis
615 2761 633 2798 a
650 2754 751 2798 natura
770 2742 823 2796 tri·

132 2818 241 2876 butum
257 2813 314 2874 effe
328 2815 507 2887 docuerunt,
517 2835 549 2876 ut
560 2820 598 2889 ii,
615 2820 664 2896 qui
676 2820 822 2895 procreati

136 2893 250 2968 essent,
266 2915 283 2952 a
295 2894 528 2974 procreatoribus
545 2913 724 2966 amarentur,
737 2896 769 2955 δι
780 2897 822 2971 id,

138 2975 223 3065 quod
244 2991 412 3056 temporum
432 2973 535 3034 ordine
553 2975 693 3056 antiquius
709 2973 770 3050 est,
790 2995 822 3040 ut

131 3058 273 3141 conjugia
290 3057 421 3122 virorum
432 3057 463 3120 δι
473 3076 617 3130 uxorum,
635 3056 735 3147 natura
746 3079 820 3124 cun·

615 3135 647 3200 H
665 3139 695 3222 iij
