2125 4067
279 514 350 589 168
442 510 519 581 Dr
554 524 802 580 rrrrrscrs

313 624 375 687 lv.
398 623 532 705 Sequitur
555 622 707 685 differendi
727 623 826 694 ratio,
856 621 958 704 cogni·

270 709 373 787 tioque
386 724 505 765 naturae:
520 725 588 763 nam
602 704 639 763 de
649 701 763 763 summo
773 702 862 763 bono
875 724 957 777 mox,

271 806 303 849 ut
323 789 398 861 dixi,
410 785 594 857 videbimus,
612 783 692 843 &ad
707 783 739 843 id
755 782 958 862 explicandum

271 867 495 948 disputationem
513 884 633 927 omnem
650 862 853 925 conferemus.
874 862 909 925 Irr
929 865 958 924 iis

270 949 279 963 '
302 951 356 1008 itur
381 947 509 1029 partibus
533 946 643 1006 duabus
667 944 738 1005 nihil
764 960 859 1015 erat,
885 943 958 1026 quod

299 1049 356 1089 eno
374 1045 556 1089 commutare
572 1024 705 1111 gestiret:
722 1044 770 1086 res
787 1025 871 1086 enim
888 1046 958 1107 prar-

272 1108 559 1180 clauseramus,
588 1108 619 1167 δι
643 1105 760 1186 quidem
787 1106 819 1165 in
843 1124 958 1187 utraque

270 1209 371 1272 parte:
391 1189 460 1270 quid
476 1190 554 1248 enirn
567 1187 603 1246 ab
621 1188 743 1268 antiquis
759 1205 799 1246 ex
815 1205 857 1247 eo
875 1206 956 1271 gene·

270 1291 330 1343 re,
348 1270 428 1351 quod
443 1267 481 1328 ad
504 1266 695 1328 disserendum
717 1265 825 1340 valet,
845 1286 956 1348 praeter·

269 1348 382 1411 millum
397 1348 460 1409 est?
474 1350 522 1428 qui
537 1348 568 1407 ὃ(
582 1344 754 1408 definierunt
765 1347 895 1428 plurime
903 1370 913 1425 3
926 1348 957 1408 dc

269 1429 434 1490 definiendi·
448 1446 522 1489 artes
540 1427 734 1508 reliquerunt:
755 1428 900 1510 quodque
919 1425 954 1489 eu

270 1508 432 1569 definitioni
448 1506 633 1584 adjunttun,
649 1514 736 1569 ut'res
753 1509 785 1567 in
803 1528 904 1589 partes
918 1508 955 1569 di·

268 1591 405 1664 videtur,
421 1589 494 1649 id&
512 1586 677 1661 litabilis,
693 1590 745 1663 dc,
761 1591 954 1670 quemadmo-

269 1670 340 1730 dum
356 1668 418 1731 fieri
430 1686 586 1751 oporteat,
597 1671 733 1729 traditur:
745 1670 821 1730 item
839 1670 878 1731 de
888 1690 953 1731 con·

267 1754 377 1825 trariis3
397 1774 413 1811 a
430 1750 531 1832 quibus
548 1751 586 1811 ad
617 1769 705 1811 encra
721 1748 893 1833 formasque
908 1770 952 1833 ge·

265 1852 369 1893 uerum
383 1832 575 1892 devenerunt.
590 1772 654 1892 lam
665 1832 833 1914 argumenti
846 1834 951 1893 ratione

266 1914 394 1975 conclusi
421 1929 506 1993 caput
523 1910 580 1973 esse
597 1911 705 1974 faciunt
722 1931 757 1972 ea
777 1956 787 1986 ,
806 1933 872 1992 quae
887 1932 949 1993 per·

264 1992 361 2075 spicua
376 1994 494 2067 dicunt;
508 1992 614 2053 deinde
633 1993 768 2053 ordinem
782 1992 949 2074 sequuntur;

265 2090 350 2147 tum,
370 2076 439 2155 quid
451 2094 556 2136 verum
568 2076 604 2135 sit
619 2076 650 2134 in
666 2073 808 2156 singulis,
825 2091 949 2135 extrema

265 2156 414 2217 conclusio
433 2153 485 2215 est.

307 2255 337 2315 9.
350 2234 470 2315 Quanta
486 2252 584 2297 autem
603 2236 639 2296 ab
656 2236 710 2296 illis
727 2237 857 2299 varietas
872 2245 950 2319 argu-j

263 2336 457 2390 mentorum,
481 2318 593 2377 rarione
612 2316 880 2393 concludentium,
905 2336 949 2379 eo·

262 2416 386 2475 rumque
412 2418 485 2458 cum
513 2400 649 2476 captiosis
675 2398 948 2479 interrogationibus

262 2472 493 2535 dissimilitudo?
513 2476 582 2554 quid
599 2522 609 2550 ‚
628 2478 707 2559 quod
728 2479 861 2558 pluribus
882 2478 947 2539 locis

263 2558 345 2633 quasi
361 2552 548 2629 denuntiant,
562 2571 593 2615 ut
608 2579 702 2639 neque
715 2556 849 2619 sensuum
864 2556 950 2618 fidem.

266 2635 328 2694 sine
354 2636 491 2708 ratione,
516 2655 570 2695 nec
592 2641 710 2699 rationis
736 2642 800 2700 sine
824 2639 947 2700 sensibus

263 2715 465 2795 exquiramus,
477 2732 564 2796 atque
576 2734 653 2780 utne
664 2740 767 2780 eorum
778 2720 903 2781 alterum
913 2716 946 2777 ab

261 2796 355 2856 altero
374 2793 567 2877 separemus?
594 2798 700 2878 Quid?
719 2820 776 2875 ea,
798 2821 865 2883 quae
889 2799 947 2859 dia·

261 2876 357 2939 ledlici
375 2899 450 2938 nunc
465 2877 581 2939 tradunt
597 2881 629 2942 &
646 2881 776 2954 docent,
794 2900 897 2941 nonne
913 2877 946 2939 ab

142 2951 145 2959 ’
259 2958 315 3023 illis
338 2957 462 3019 instituta
482 2959 546 3019 sunt
566 2959 598 3020 &
615 2960 763 3023 inventa?
786 2962 825 3023 de
848 2961 968 3044 quibus>

261 3043 317 3105 etsi
335 3060 353 3100 a
369 3037 539 3123 Chrysippo
553 3043 677 3105 maxime
694 3042 735 3107 est
746 3041 949 3123 elaboratum.

187 3155 189 3159 ·
848 3138 945 3187 samm
