2125 4067
322 497 482 567 lanan
513 508 794 566 tacuerunt.
830 489 902 589 '3'61

218 627 280 699 gna
293 610 460 671 mehercule
473 611 533 671 laus
545 615 556 683 ',
566 611 598 670 &
610 629 648 670 eo
661 612 670 669 i
694 608 724 670 so
734 654 745 684 ‚
756 631 808 690 per
819 626 914 690 quem·

220 692 336 768 juravi,
353 690 477 752 Hercule
494 693 595 774 digna:
611 688 661 750 sed
673 631 795 770 Epicuro
812 691 915 751 homin

221 771 253 830 ni
277 769 377 850 aspero
403 771 436 831 &
459 771 531 830 duro
556 792 616 831 non
638 767 678 830 est
698 772 753 830 hoc
774 770 848 831 satis.
871 767 912 835 In

215 845 379 910 Phalaridis
392 867 475 911 tauro
494 852 518 910 si
535 852 608 923 erit,
622 849 717 922 dicet,
732 853 821 932 Qurim
834 850 910 929 fita·

217 951 258 990 ve
285 930 416 1008 estdoc!
438 932 519 1010 qudm
541 931 592 990 doc
614 942 668 989 nori
692 931 784 990 citro!
813 930 911 1000 Suave¹

218 1008 333 1068 etiam?
350 1031 386 1069 an
404 1032 507 1091 parum
521 1009 615 1084 est‚'si
632 1030 691 1068 non
703 1031 829 1070 amarum
841 1008 908 1069 ?·At

215 1088 254 1149 a'd
273 1090 391 1171 quidem
412 1091 453 1155 illi
473 1092 552 1173 ipsi,
575 1090 625 1172 qui
649 1088 783 1149 dolorem
804 1089 912 1150 malum

222 1166 281 1228 elle
301 1187 426 1252 negant,
447 1192 508 1230 non
531 1169 624 1243 solem
644 1169 763 1244 dicere,
780 1171 912 1250 cuiquam

218 1247 308 1312 suave
335 1249 391 1311 elle
420 1251 566 1310 cruciari:
592 1248 746 1330 asperum,
770 1248 911 1325 difficile,

222 1328 355 1391 ndiosum
366 1376 376 1404 ,
389 1348 496 1391 -contta
513 1346 645 1390 naturam
657 1331 782 1402 dicunt,
798 1350 854 1390 nec
868 1348 913 1390 ta-

219 1429 293 1469 men
321 1411 437 1472 malum.
465 1411 552 1485 Hic,
578 1413 628 1491 qui
649 1408 740 1470 solum
765 1411 822 1469 hoc
844 1430 911 1470 ma-

220 1486 285 1547 lum
297 1488 381 1563 dicit,
393 1490 425 1550 &
436 1492 579 1549 malorum
590 1493 721 1550 omnium
735 1507 910 1566 extremum,

223 1567 387 1648 sapientem
399 1569 497 1630 'censet
509 1569 540 1628 id
552 1568 638 1630 suave
653 1570 802 1631 diclurum.

270 1645 316 1708 18.
340 1648 404 1731 Ego
419 1671 435 1711 a
453 1666 483 1708 te
499 1670 559 1709 non
570 1647 702 1729 postulo,
723 1668 753 1710 ut
772 1650 908 1713 dolorem

219 1725 335 1790 eisdem
345 1729 441 1790 verbis
451 1727 839 1812 afficias‚quibus=Epicurus
849 1754 908 1794 vo·

220 1806 382 1889 luptatem,
392 1810 484 1871 homo
493 1828 548 1886 ,ut
559 1808 630 1882 scis,
642 1811 834 1892 voluptarius.
851 1812 906 1874 Ille

221 1887 326 1969 dixerit
354 1888 418 1951 sane
447 1890 525 1951 idem
552 1889 581 1949 in
605 1888 759 1961 Phalaridis
785 1908 869 1952 tauro
894 1935 906 1966 ,

221 1969 322 2051 quod,
341 1971 365 2029 si
376 1966 445 2031 esset
461 1971 491 2031 in
507 1967 703 2051 ledulotego
722 1987 831 2029 tantam
842 1972 905 2030 vim

221 2069 284 2109 non
305 2044 401 2110 tribuo
422 2047 540 2128 sapienti
563 2065 663 2107 contra
689 2050 843 2108 dolorem:
869 2053 906 2112 sit

189 2196 192 2202 ⁸
216 2127 305 2190 fortis
320 2131 352 2189 in
374 2128 572 2209 perferendo,
590 2125 687 2188 officio
708 2127 771 2188 satis
788 2129 849 2201 est;
870 2147 904 2190 ut

218 2207 333 2269 laetetur
353 2212 465 2280 etiam,
483 2227 545 2267 non
560 2206 694 2344 postulo:
716 2207 797 2267 tristis
824 2211 903 2269 enim

218 2287 323 2356 retest
343 2291 404 2350 sine
418 2287 507 2347 dubio
516 2331 528 2359 .‚
542 2308 559 2346 a
570 2307 640 2366 pera
651 2332 661 2360 ‚
674 2308 790 2360 amara,
803 2290 903 2348 initui-

219 2389 257 2429 ca
277 2387 404 2445 naturae,
421 2367 459 2428 ad
473 2367 642 2449 patiendum
660 2368 903 2453 tolerandumque

216 2447 354 2510 difficilis.
546 2450 548 2455 ’

245 2521 248 2525 ’
266 2549 312 2608 19.
337 2527 404 2589 Ads
419 2529 464 2590 ic'e
484 2525 699 2604 Philocletam3
723 2531 768 2590 cui
788 2524 902 2595 conce-¹
967 2589 972 2599 ,

221 2608 350 2669 dendum
371 2629 386 2668 e
427 2613 573 2692 gementi:
587 2603 679 2690 ipsum
691 2614 769 2671 enim
786 2613 901 2673 Hercu·

174 2718 182 2742 ι
221 2690 282 2750 lem
304 2689 417 2749 viderat
444 2692 474 2746 in
495 2690 563 2747 OEta
590 2691 785 2770 magnitudine
810 2692 901 2752 dolo-

217 2788 287 2828 ·rum
313 2765 480 2844 ejulantem.
502 2767 582 2824 Nihil
606 2771 689 2847 igitur
706 2771 782 2829 hunc
805 2773 902 2831 virum

218 2849 351 2925 sagittae,
367 2845 489 2923 quas‘ab
507 2844 635 2905 Hercule
651 2865 823 2929 acceperat,
839 2858 902 2914 tunt

215 2924 465 3000 consolabantur,
892 2956 896 2961 ·

220 3029 304 3107 Quum
318 3046 331 3079 e
344 3028 450 3097 viperino
466 3024 543 3098 morsu
553 3044 616 3087 uua
625 3025 736 3098 rt'scemm'
752 3078 754 3083 .

240 3102 366 3169 'ramus
381 3098 480 3169 VIII·
764 3098 801 3189 Q
850 3174 853 3179 ,
