<?xml version="1.0" encoding="UTF-8"?>
<!DOCTYPE html PUBLIC "-//W3C//DTD XHTML 1.0 Transitional//EN"
    "http://www.w3.org/TR/xhtml1/DTD/xhtml1-transitional.dtd">
<html xmlns="http://www.w3.org/1999/xhtml" xml:lang="en" lang="en">
 <head>
  <title>
</title>
<meta http-equiv="Content-Type" content="text/html;charset=utf-8" />
  <meta name='ocr-system' content='tesseract 3.04.00' />
  <meta name='ocr-capabilities' content='ocr_page ocr_carea ocr_par ocr_line ocrx_word'/>
</head>
<body>
  <div class='ocr_page' id='page_1' title='image "./mtulliiciceroni00lallgoog_0156.png"; bbox 0 0 2125 4067; ppageno 0'>
   <div class='ocr_carea' id='block_1_1' title="bbox 183 502 740 585">
    <p class='ocr_par' dir='ltr' id='par_1_1' title="bbox 183 502 740 585">
     <span class='ocr_line' id='line_1_1' title="bbox 183 502 740 585; baseline -0.022 0"><span class='ocrx_word' id='word_1_1' title='bbox 183 506 263 585; x_wconf 61' lang='lat' dir='ltr'>fron</span> <span class='ocrx_word' id='word_1_2' title='bbox 347 503 425 575; x_wconf 76' lang='lat' dir='ltr'>Dr</span> <span class='ocrx_word' id='word_1_3' title='bbox 460 502 740 574; x_wconf 68' lang='lat' dir='ltr'>irrorans*</span> 
     </span>
    </p>
   </div>
   <div class='ocr_carea' id='block_1_2' title="bbox 119 610 886 3039">
    <p class='ocr_par' dir='ltr' id='par_1_2' title="bbox 182 610 876 1505">
     <span class='ocr_line' id='line_1_2' title="bbox 183 610 872 707; baseline -0.013 -22"><span class='ocrx_word' id='word_1_4' title='bbox 183 620 423 707; x_wconf 81' lang='lat' dir='ltr'>proficiscendum</span> <span class='ocrx_word' id='word_1_5' title='bbox 443 616 484 679; x_wconf 86' lang='lat' dir='ltr'>eli</span> <span class='ocrx_word' id='word_1_6' title='bbox 506 616 543 678; x_wconf 88' lang='lat' dir='ltr'>ab</span> <span class='ocrx_word' id='word_1_7' title='bbox 567 617 649 678; x_wconf 83' lang='lat' dir='ltr'>omni</span> <span class='ocrx_word' id='word_1_8' title='bbox 671 613 814 689; x_wconf 81' lang='lat' dir='ltr'>mundo,</span> <span class='ocrx_word' id='word_1_9' title='bbox 838 610 872 676; x_wconf 70' lang='lat'>&amp;-</span> 
     </span>
     <span class='ocr_line' id='line_1_3' title="bbox 183 693 871 783; baseline -0.012 -19"><span class='ocrx_word' id='word_1_10' title='bbox 183 705 221 765; x_wconf 86' lang='lat' dir='ltr'>ab</span> <span class='ocrx_word' id='word_1_11' title='bbox 247 701 310 779; x_wconf 78' lang='lat' dir='ltr'>ejus</span> <span class='ocrx_word' id='word_1_12' title='bbox 335 701 568 783; x_wconf 78' lang='lat' dir='ltr'>procuratione:</span> <span class='ocrx_word' id='word_1_13' title='bbox 596 717 652 757; x_wconf 87' lang='lat' dir='ltr'>nec</span> <span class='ocrx_word' id='word_1_14' title='bbox 675 699 751 759; x_wconf 73' lang='lat' dir='ltr'>verb</span> <span class='ocrx_word' id='word_1_15' title='bbox 775 693 871 777; x_wconf 82' lang='lat' dir='ltr'>potest</span> 
     </span>
     <span class='ocr_line' id='line_1_4' title="bbox 182 775 870 865; baseline -0.009 -23"><span class='ocrx_word' id='word_1_16' title='bbox 182 781 329 865; x_wconf 83' lang='lat' dir='ltr'>quisquam</span> <span class='ocrx_word' id='word_1_17' title='bbox 349 781 487 843; x_wconf 89' lang='lat' dir='ltr'>debonis</span> <span class='ocrx_word' id='word_1_18' title='bbox 504 779 534 840; x_wconf 72' lang='grc' dir='ltr'><strong>ἃ</strong></span> <span class='ocrx_word' id='word_1_19' title='bbox 554 778 591 838; x_wconf 89' lang='lat' dir='ltr'>de</span> <span class='ocrx_word' id='word_1_20' title='bbox 610 779 693 859; x_wconf 82' lang='lat' dir='ltr'>malis</span> <span class='ocrx_word' id='word_1_21' title='bbox 704 777 779 839; x_wconf 62' lang='lat' dir='ltr'>vere</span> <span class='ocrx_word' id='word_1_22' title='bbox 794 775 870 856; x_wconf 87' lang='lat' dir='ltr'>judi·</span> 
     </span>
     <span class='ocr_line' id='line_1_5' title="bbox 182 859 872 940; baseline -0.009 -15"><span class='ocrx_word' id='word_1_23' title='bbox 182 884 249 925; x_wconf 81' lang='lat' dir='ltr'>care</span> <span class='ocrx_word' id='word_1_24' title='bbox 270 909 279 937; x_wconf 92' lang='lat'>‚</span> <span class='ocrx_word' id='word_1_25' title='bbox 305 866 357 923; x_wconf 86' lang='lat' dir='ltr'>nisi</span> <span class='ocrx_word' id='word_1_26' title='bbox 377 864 457 922; x_wconf 87' lang='lat' dir='ltr'>omni</span> <span class='ocrx_word' id='word_1_27' title='bbox 473 859 590 940; x_wconf 70' lang='lat' dir='ltr'>cogniti</span> <span class='ocrx_word' id='word_1_28' title='bbox 605 860 720 920; x_wconf 88' lang='lat' dir='ltr'>ratione</span> <span class='ocrx_word' id='word_1_29' title='bbox 740 875 872 933; x_wconf 76' lang='lat' dir='ltr'>naturae,</span> 
     </span>
     <span class='ocr_line' id='line_1_6' title="bbox 186 939 873 1013; baseline -0.006 -8"><span class='ocrx_word' id='word_1_30' title='bbox 186 944 220 1005; x_wconf 71' lang='grc' dir='ltr'>ὃ(</span> <span class='ocrx_word' id='word_1_31' title='bbox 240 948 306 1005; x_wconf 84' lang='lat' dir='ltr'>vitae</span> <span class='ocrx_word' id='word_1_32' title='bbox 326 947 413 1004; x_wconf 90' lang='lat' dir='ltr'>etiam</span> <span class='ocrx_word' id='word_1_33' title='bbox 431 941 575 1013; x_wconf 85' lang='lat' dir='ltr'>deorum,</span> <span class='ocrx_word' id='word_1_34' title='bbox 594 939 626 998; x_wconf 78' lang='grc' dir='ltr'>δι</span> <span class='ocrx_word' id='word_1_35' title='bbox 644 943 744 1000; x_wconf 83' lang='lat' dir='ltr'>utrlrm</span> <span class='ocrx_word' id='word_1_36' title='bbox 761 958 873 1001; x_wconf 80' lang='lat' dir='ltr'>conve·</span> 
     </span>
     <span class='ocr_line' id='line_1_7' title="bbox 183 1020 873 1098; baseline -0.01 -12"><span class='ocrx_word' id='word_1_37' title='bbox 183 1026 268 1097; x_wconf 78' lang='lat' dir='ltr'>triac,</span> <span class='ocrx_word' id='word_1_38' title='bbox 288 1044 401 1098; x_wconf 84' lang='lat' dir='ltr'>necne,</span> <span class='ocrx_word' id='word_1_39' title='bbox 419 1041 516 1083; x_wconf 87' lang='lat' dir='ltr'>natura</span> <span class='ocrx_word' id='word_1_40' title='bbox 530 1020 656 1080; x_wconf 83' lang='lat' dir='ltr'>hominis</span> <span class='ocrx_word' id='word_1_41' title='bbox 673 1042 746 1081; x_wconf 81' lang='lat' dir='ltr'>cum</span> <span class='ocrx_word' id='word_1_42' title='bbox 757 1023 873 1081; x_wconf 82' lang='lat' dir='ltr'>univer·</span> 
     </span>
     <span class='ocr_line' id='line_1_8' title="bbox 184 1100 873 1187; baseline -0.006 -21"><span class='ocrx_word' id='word_1_43' title='bbox 184 1103 233 1166; x_wconf 84' lang='lat' dir='ltr'>sa:</span> <span class='ocrx_word' id='word_1_44' title='bbox 255 1126 377 1187; x_wconf 72' lang='lat' dir='ltr'>quaque</span> <span class='ocrx_word' id='word_1_45' title='bbox 389 1104 453 1164; x_wconf 85' lang='lat' dir='ltr'>sont</span> <span class='ocrx_word' id='word_1_46' title='bbox 472 1121 574 1163; x_wconf 84' lang='lat' dir='ltr'>vetera</span> <span class='ocrx_word' id='word_1_47' title='bbox 592 1121 741 1182; x_wconf 86' lang='lat' dir='ltr'>praecepta</span> <span class='ocrx_word' id='word_1_48' title='bbox 756 1100 873 1182; x_wconf 85' lang='lat' dir='ltr'>sapien·</span> 
     </span>
     <span class='ocr_line' id='line_1_9' title="bbox 185 1183 874 1267; baseline -0.006 -20"><span class='ocrx_word' id='word_1_49' title='bbox 185 1189 277 1259; x_wconf 83' lang='lat' dir='ltr'>tium,</span> <span class='ocrx_word' id='word_1_50' title='bbox 301 1189 350 1267; x_wconf 87' lang='lat' dir='ltr'>qui</span> <span class='ocrx_word' id='word_1_51' title='bbox 368 1184 469 1262; x_wconf 74' lang='lat' dir='ltr'>jubent</span> <span class='ocrx_word' id='word_1_52' title='bbox 486 1183 597 1263; x_wconf 78' lang='lat' dir='ltr'><em>tempori</em></span> <span class='ocrx_word' id='word_1_53' title='bbox 615 1203 732 1260; x_wconf 77' lang='lat' dir='ltr'>parere,</span> <span class='ocrx_word' id='word_1_54' title='bbox 748 1183 782 1243; x_wconf 88' lang='lat'>&amp;</span> <span class='ocrx_word' id='word_1_55' title='bbox 796 1183 874 1263; x_wconf 70' lang='lat' dir='ltr'>sequi</span> 
     </span>
     <span class='ocr_line' id='line_1_10' title="bbox 184 1262 875 1346; baseline -0.006 -19"><span class='ocrx_word' id='word_1_56' title='bbox 184 1271 283 1339; x_wconf 78' lang='lat' dir='ltr'><strong><em>deum,</em></strong></span> <span class='ocrx_word' id='word_1_57' title='bbox 305 1269 336 1325; x_wconf 88' lang='lat'>&amp;</span> <span class='ocrx_word' id='word_1_58' title='bbox 353 1267 384 1346; x_wconf 81' lang='lat' dir='ltr'>se</span> <span class='ocrx_word' id='word_1_59' title='bbox 400 1274 527 1344; x_wconf 72' lang='lat' dir='ltr'>noscere,</span> <span class='ocrx_word' id='word_1_60' title='bbox 548 1262 580 1322; x_wconf 87' lang='lat'>&amp;</span> <span class='ocrx_word' id='word_1_61' title='bbox 594 1263 667 1321; x_wconf 72' lang='lat' dir='ltr'>nihil</span> <span class='ocrx_word' id='word_1_62' title='bbox 687 1264 797 1335; x_wconf 78' lang='lat' dir='ltr'>nimis3</span> <span class='ocrx_word' id='word_1_63' title='bbox 814 1264 875 1323; x_wconf 73' lang='lat' dir='ltr'>hae</span> 
     </span>
     <span class='ocr_line' id='line_1_11' title="bbox 185 1342 876 1428; baseline -0.007 -20"><span class='ocrx_word' id='word_1_64' title='bbox 185 1350 249 1408; x_wconf 75' lang='lat' dir='ltr'>sine</span> <span class='ocrx_word' id='word_1_65' title='bbox 271 1349 398 1428; x_wconf 85' lang='lat' dir='ltr'>physicis</span> <span class='ocrx_word' id='word_1_66' title='bbox 417 1365 503 1426; x_wconf 90' lang='lat' dir='ltr'>quarn</span> <span class='ocrx_word' id='word_1_67' title='bbox 526 1345 585 1402; x_wconf 84' lang='lat' dir='ltr'>vim</span> <span class='ocrx_word' id='word_1_68' title='bbox 606 1342 733 1403; x_wconf 86' lang='lat' dir='ltr'>habeant</span> <span class='ocrx_word' id='word_1_69' title='bbox 747 1344 761 1426; x_wconf 90' lang='lat'><strong>(</strong></span> <span class='ocrx_word' id='word_1_70' title='bbox 774 1344 808 1404; x_wconf 76' lang='grc' dir='ltr'>δι</span> <span class='ocrx_word' id='word_1_71' title='bbox 827 1345 876 1403; x_wconf 75' lang='lat' dir='ltr'>ln·</span> 
     </span>
     <span class='ocr_line' id='line_1_12' title="bbox 185 1423 876 1505; baseline -0.004 -17"><span class='ocrx_word' id='word_1_72' title='bbox 185 1428 258 1488; x_wconf 79' lang='lat' dir='ltr'>henr</span> <span class='ocrx_word' id='word_1_73' title='bbox 278 1425 457 1505; x_wconf 79' lang='lat' dir='ltr'>maximam)</span> <span class='ocrx_word' id='word_1_74' title='bbox 473 1423 575 1484; x_wconf 80' lang='lat' dir='ltr'>videre</span> <span class='ocrx_word' id='word_1_75' title='bbox 590 1443 679 1484; x_wconf 86' lang='lat' dir='ltr'>nemo</span> <span class='ocrx_word' id='word_1_76' title='bbox 695 1424 811 1504; x_wconf 87' lang='lat' dir='ltr'>potest.</span> <span class='ocrx_word' id='word_1_77' title='bbox 821 1425 876 1485; x_wconf 82' lang='lat' dir='ltr'>At·</span> 
     </span>
    </p>

    <p class='ocr_par' dir='ltr' id='par_1_3' title="bbox 187 1503 876 1989">
     <span class='ocr_line' id='line_1_13' title="bbox 211 1503 876 1579; baseline 0.002 -15"><span class='ocrx_word' id='word_1_78' title='bbox 211 1528 246 1566; x_wconf 90' lang='lat' dir='ltr'>ue</span> <span class='ocrx_word' id='word_1_79' title='bbox 259 1509 347 1566; x_wconf 87' lang='lat' dir='ltr'>etiam</span> <span class='ocrx_word' id='word_1_80' title='bbox 357 1507 395 1565; x_wconf 86' lang='lat' dir='ltr'>ad</span> <span class='ocrx_word' id='word_1_81' title='bbox 409 1503 542 1579; x_wconf 75' lang='lat' dir='ltr'>iustitiam</span> <span class='ocrx_word' id='word_1_82' title='bbox 552 1505 706 1569; x_wconf 86' lang='lat' dir='ltr'>colendam</span> <span class='ocrx_word' id='word_1_83' title='bbox 717 1551 730 1578; x_wconf 87' lang='lat'><em>,</em></span> <span class='ocrx_word' id='word_1_84' title='bbox 741 1506 779 1565; x_wconf 82' lang='lat' dir='ltr'>ad</span> <span class='ocrx_word' id='word_1_85' title='bbox 792 1526 876 1567; x_wconf 85' lang='lat' dir='ltr'>tuen·</span> 
     </span>
     <span class='ocr_line' id='line_1_14' title="bbox 187 1528 875 1667; baseline -0.001 -20"><span class='ocrx_word' id='word_1_86' title='bbox 187 1528 238 1648; x_wconf 65' lang='lat' dir='ltr'>ias</span> <span class='ocrx_word' id='word_1_87' title='bbox 260 1590 398 1647; x_wconf 83' lang='lat' dir='ltr'>amicitias</span> <span class='ocrx_word' id='word_1_88' title='bbox 414 1585 579 1666; x_wconf 88' lang='lat' dir='ltr'>&amp;reliquas</span> <span class='ocrx_word' id='word_1_89' title='bbox 596 1588 730 1646; x_wconf 83' lang='lat' dir='ltr'>caritates</span> <span class='ocrx_word' id='word_1_90' title='bbox 742 1586 817 1667; x_wconf 75' lang='lat' dir='ltr'>quid·</span> <span class='ocrx_word' id='word_1_91' title='bbox 828 1606 875 1647; x_wconf 85' lang='lat' dir='ltr'>na·</span> 
     </span>
     <span class='ocr_line' id='line_1_15' title="bbox 187 1665 874 1746; baseline 0 -19"><span class='ocrx_word' id='word_1_92' title='bbox 187 1682 251 1727; x_wconf 87' lang='lat' dir='ltr'>tura</span> <span class='ocrx_word' id='word_1_93' title='bbox 271 1667 385 1739; x_wconf 83' lang='lat' dir='ltr'>valeat,</span> <span class='ocrx_word' id='word_1_94' title='bbox 398 1667 458 1726; x_wconf 83' lang='lat' dir='ltr'>haec</span> <span class='ocrx_word' id='word_1_95' title='bbox 477 1687 534 1725; x_wconf 91' lang='lat' dir='ltr'>una</span> <span class='ocrx_word' id='word_1_96' title='bbox 551 1668 681 1745; x_wconf 81' lang='lat' dir='ltr'>cognitio</span> <span class='ocrx_word' id='word_1_97' title='bbox 701 1665 802 1746; x_wconf 86' lang='lat' dir='ltr'>potest</span> <span class='ocrx_word' id='word_1_98' title='bbox 818 1685 874 1727; x_wconf 85' lang='lat' dir='ltr'>tra·</span> 
     </span>
     <span class='ocr_line' id='line_1_16' title="bbox 187 1745 873 1828; baseline 0.001 -20"><span class='ocrx_word' id='word_1_99' title='bbox 187 1747 269 1808; x_wconf 85' lang='lat' dir='ltr'>dere.</span> <span class='ocrx_word' id='word_1_100' title='bbox 288 1747 353 1808; x_wconf 89' lang='lat' dir='ltr'>Nec</span> <span class='ocrx_word' id='word_1_101' title='bbox 366 1750 438 1808; x_wconf 77' lang='lat' dir='ltr'>vero</span> <span class='ocrx_word' id='word_1_102' title='bbox 457 1750 549 1828; x_wconf 88' lang='lat' dir='ltr'>pietas</span> <span class='ocrx_word' id='word_1_103' title='bbox 561 1745 696 1807; x_wconf 83' lang='lat' dir='ltr'>adversus</span> <span class='ocrx_word' id='word_1_104' title='bbox 709 1747 806 1821; x_wconf 86' lang='lat' dir='ltr'>deos,</span> <span class='ocrx_word' id='word_1_105' title='bbox 821 1768 873 1809; x_wconf 83' lang='lat' dir='ltr'>nec</span> 
     </span>
     <span class='ocr_line' id='line_1_17' title="bbox 188 1829 875 1923; baseline 0.004 -36"><span class='ocrx_word' id='word_1_106' title='bbox 188 1849 295 1923; x_wconf 75' lang='lat' dir='ltr'>quanta</span> <span class='ocrx_word' id='word_1_107' title='bbox 315 1831 357 1888; x_wconf 85' lang='lat' dir='ltr'>his</span> <span class='ocrx_word' id='word_1_108' title='bbox 377 1830 468 1912; x_wconf 82' lang='lat' dir='ltr'>gratia</span> <span class='ocrx_word' id='word_1_109' title='bbox 485 1829 645 1898; x_wconf 81' lang='lat' dir='ltr'>debeatur,</span> <span class='ocrx_word' id='word_1_110' title='bbox 663 1831 727 1889; x_wconf 80' lang='lat' dir='ltr'>sine</span> <span class='ocrx_word' id='word_1_111' title='bbox 748 1829 875 1909; x_wconf 78' lang='lat' dir='ltr'>explica·</span> 
     </span>
     <span class='ocr_line' id='line_1_18' title="bbox 187 1906 651 1989; baseline -0.011 -19"><span class='ocrx_word' id='word_1_112' title='bbox 187 1925 270 1971; x_wconf 78' lang='lat' dir='ltr'>tione</span> <span class='ocrx_word' id='word_1_113' title='bbox 289 1929 395 1970; x_wconf 83' lang='lat' dir='ltr'>naturae</span> <span class='ocrx_word' id='word_1_114' title='bbox 410 1909 528 1989; x_wconf 77' lang='lat' dir='ltr'>intelligi</span> <span class='ocrx_word' id='word_1_115' title='bbox 545 1906 651 1987; x_wconf 87' lang='lat' dir='ltr'>potest.</span> 
     </span>
    </p>

    <p class='ocr_par' dir='ltr' id='par_1_4' title="bbox 119 1987 886 3039">
     <span class='ocr_line' id='line_1_19' title="bbox 229 1987 874 2072; baseline 0 -21"><span class='ocrx_word' id='word_1_116' title='bbox 229 1989 345 2051; x_wconf 89' lang='lat' dir='ltr'>XXII.</span> <span class='ocrx_word' id='word_1_117' title='bbox 366 1990 425 2052; x_wconf 86' lang='lat' dir='ltr'>Sed</span> <span class='ocrx_word' id='word_1_118' title='bbox 441 1987 500 2069; x_wconf 86' lang='lat' dir='ltr'>jarn</span> <span class='ocrx_word' id='word_1_119' title='bbox 517 1987 609 2048; x_wconf 87' lang='lat' dir='ltr'>sentio</span> <span class='ocrx_word' id='word_1_120' title='bbox 624 2008 673 2050; x_wconf 87' lang='lat' dir='ltr'>me</span> <span class='ocrx_word' id='word_1_121' title='bbox 687 1988 749 2051; x_wconf 85' lang='lat' dir='ltr'>ell&#39;e</span> <span class='ocrx_word' id='word_1_122' title='bbox 763 1991 874 2072; x_wconf 73' lang='lat' dir='ltr'>longiis</span> 
     </span>
     <span class='ocr_line' id='line_1_20' title="bbox 209 2070 875 2152; baseline 0.002 -22"><span class='ocrx_word' id='word_1_123' title='bbox 209 2072 382 2145; x_wconf 68' lang='lat' dir='ltr'>novellum,</span> <span class='ocrx_word' id='word_1_124' title='bbox 406 2071 492 2151; x_wconf 77' lang='lat' dir='ltr'>quim</span> <span class='ocrx_word' id='word_1_125' title='bbox 514 2073 664 2149; x_wconf 88' lang='lat' dir='ltr'>proposita</span> <span class='ocrx_word' id='word_1_126' title='bbox 680 2073 756 2131; x_wconf 89' lang='lat' dir='ltr'>ratio</span> <span class='ocrx_word' id='word_1_127' title='bbox 779 2070 875 2152; x_wconf 72' lang='lat' dir='ltr'>postu⁴</span> 
     </span>
     <span class='ocr_line' id='line_1_21' title="bbox 119 2091 876 2230; baseline -0.001 -17"><span class='ocrx_word' id='word_1_128' title='bbox 119 2152 121 2159; x_wconf 79' lang='lat'>&#39;</span> <span class='ocrx_word' id='word_1_129' title='bbox 185 2091 277 2213; x_wconf 73' lang='lat' dir='ltr'>latet:</span> <span class='ocrx_word' id='word_1_130' title='bbox 292 2155 396 2212; x_wconf 74' lang='lat' dir='ltr'>verlini</span> <span class='ocrx_word' id='word_1_131' title='bbox 412 2151 585 2209; x_wconf 75' lang='lat' dir='ltr'>admirabilis</span> <span class='ocrx_word' id='word_1_132' title='bbox 601 2154 780 2230; x_wconf 84' lang='lat' dir='ltr'>compositio</span> <span class='ocrx_word' id='word_1_133' title='bbox 794 2153 876 2212; x_wconf 82' lang='lat' dir='ltr'>disci·</span> 
     </span>
     <span class='ocr_line' id='line_1_22' title="bbox 189 2229 876 2313; baseline 0 -21"><span class='ocrx_word' id='word_1_134' title='bbox 189 2235 296 2313; x_wconf 74' lang='lat' dir='ltr'>plina,</span> <span class='ocrx_word' id='word_1_135' title='bbox 316 2229 543 2310; x_wconf 82' lang='lat' dir='ltr'>incredibilisque</span> <span class='ocrx_word' id='word_1_136' title='bbox 562 2249 661 2290; x_wconf 86' lang='lat' dir='ltr'>rerum</span> <span class='ocrx_word' id='word_1_137' title='bbox 675 2235 762 2292; x_wconf 82' lang='lat' dir='ltr'>traxit</span> <span class='ocrx_word' id='word_1_138' title='bbox 784 2233 876 2294; x_wconf 87' lang='lat' dir='ltr'>ordo:</span> 
     </span>
     <span class='ocr_line' id='line_1_23' title="bbox 189 2312 878 2394; baseline 0.003 -23"><span class='ocrx_word' id='word_1_139' title='bbox 189 2332 300 2392; x_wconf 85' lang='lat' dir='ltr'>quent,</span> <span class='ocrx_word' id='word_1_140' title='bbox 320 2335 372 2394; x_wconf 88' lang='lat' dir='ltr'>per</span> <span class='ocrx_word' id='word_1_141' title='bbox 393 2313 467 2373; x_wconf 74' lang='lat' dir='ltr'>deos</span> <span class='ocrx_word' id='word_1_142' title='bbox 481 2312 658 2373; x_wconf 86' lang='lat' dir='ltr'>immortales</span> <span class='ocrx_word' id='word_1_143' title='bbox 674 2314 683 2371; x_wconf 85' lang='lat' dir='ltr'>l</span> <span class='ocrx_word' id='word_1_144' title='bbox 703 2334 805 2375; x_wconf 88' lang='lat' dir='ltr'>nonne</span> <span class='ocrx_word' id='word_1_145' title='bbox 817 2315 878 2373; x_wconf 83' lang='lat' dir='ltr'>&#39;mi-</span> 
     </span>
     <span class='ocr_line' id='line_1_24' title="bbox 188 2392 877 2475; baseline 0.009 -26"><span class='ocrx_word' id='word_1_146' title='bbox 188 2393 281 2451; x_wconf 81' lang='lat' dir='ltr'>raris?</span> <span class='ocrx_word' id='word_1_147' title='bbox 303 2395 372 2471; x_wconf 86' lang='lat' dir='ltr'>quid</span> <span class='ocrx_word' id='word_1_148' title='bbox 389 2397 466 2454; x_wconf 84' lang='lat' dir='ltr'>enim</span> <span class='ocrx_word' id='word_1_149' title='bbox 485 2410 534 2452; x_wconf 89' lang='lat' dir='ltr'>aut</span> <span class='ocrx_word' id='word_1_150' title='bbox 551 2394 580 2450; x_wconf 92' lang='lat' dir='ltr'>in</span> <span class='ocrx_word' id='word_1_151' title='bbox 594 2409 714 2467; x_wconf 88' lang='lat' dir='ltr'>natura,</span> <span class='ocrx_word' id='word_1_152' title='bbox 730 2395 790 2475; x_wconf 69' lang='lat' dir='ltr'>qua</span> <span class='ocrx_word' id='word_1_153' title='bbox 808 2392 877 2454; x_wconf 86' lang='lat' dir='ltr'>nihil</span> 
     </span>
     <span class='ocr_line' id='line_1_25' title="bbox 190 2467 878 2556; baseline 0.01 -27"><span class='ocrx_word' id='word_1_154' title='bbox 190 2467 233 2529; x_wconf 81' lang='lat' dir='ltr'>est</span> <span class='ocrx_word' id='word_1_155' title='bbox 252 2473 364 2548; x_wconf 83' lang='lat' dir='ltr'>aptius,</span> <span class='ocrx_word' id='word_1_156' title='bbox 379 2475 447 2531; x_wconf 76' lang='lat' dir='ltr'>nihil</span> <span class='ocrx_word' id='word_1_157' title='bbox 462 2472 649 2549; x_wconf 60' lang='lat' dir='ltr'>descriptio,</span> <span class='ocrx_word' id='word_1_158' title='bbox 665 2493 713 2534; x_wconf 85' lang='lat' dir='ltr'>aut</span> <span class='ocrx_word' id='word_1_159' title='bbox 729 2477 760 2534; x_wconf 85' lang='lat' dir='ltr'>in</span> <span class='ocrx_word' id='word_1_160' title='bbox 779 2477 878 2556; x_wconf 86' lang='lat' dir='ltr'>operi·</span> 
     </span>
     <span class='ocr_line' id='line_1_26' title="bbox 188 2547 878 2637; baseline 0.01 -27"><span class='ocrx_word' id='word_1_161' title='bbox 188 2547 243 2610; x_wconf 85' lang='lat' dir='ltr'>bus</span> <span class='ocrx_word' id='word_1_162' title='bbox 259 2569 345 2608; x_wconf 87' lang='lat' dir='ltr'>manu</span> <span class='ocrx_word' id='word_1_163' title='bbox 363 2550 441 2609; x_wconf 73' lang='lat' dir='ltr'>fallis</span> <span class='ocrx_word' id='word_1_164' title='bbox 456 2569 515 2608; x_wconf 78' lang='lat' dir='ltr'>tam</span> <span class='ocrx_word' id='word_1_165' title='bbox 531 2555 727 2632; x_wconf 83' lang='lat' dir='ltr'>compositum</span> <span class='ocrx_word' id='word_1_166' title='bbox 737 2600 747 2627; x_wconf 89' lang='lat'><strong>‚</strong></span> <span class='ocrx_word' id='word_1_167' title='bbox 758 2572 878 2637; x_wconf 83' lang='lat' dir='ltr'>tamque</span> 
     </span>
     <span class='ocr_line' id='line_1_27' title="bbox 189 2628 879 2716; baseline 0.009 -26"><span class='ocrx_word' id='word_1_168' title='bbox 189 2628 378 2710; x_wconf 71' lang='lat' dir='ltr'>compactum</span> <span class='ocrx_word' id='word_1_169' title='bbox 389 2632 420 2691; x_wconf 70' lang='grc' dir='ltr'><strong>ἃ</strong></span> <span class='ocrx_word' id='word_1_170' title='bbox 436 2649 670 2712; x_wconf 77' lang='lat' dir='ltr'>coagmentatum</span> <span class='ocrx_word' id='word_1_171' title='bbox 689 2637 813 2697; x_wconf 80' lang='lat' dir='ltr'>inveniri</span> <span class='ocrx_word' id='word_1_172' title='bbox 823 2659 879 2716; x_wconf 88' lang='lat' dir='ltr'>po·</span> 
     </span>
     <span class='ocr_line' id='line_1_28' title="bbox 190 2709 878 2792; baseline 0.01 -21"><span class='ocrx_word' id='word_1_173' title='bbox 190 2709 267 2772; x_wconf 77' lang='lat' dir='ltr'>test?</span> <span class='ocrx_word' id='word_1_174' title='bbox 286 2711 354 2789; x_wconf 82' lang='lat' dir='ltr'>quid</span> <span class='ocrx_word' id='word_1_175' title='bbox 368 2710 505 2792; x_wconf 86' lang='lat' dir='ltr'>posterius</span> <span class='ocrx_word' id='word_1_176' title='bbox 526 2713 615 2790; x_wconf 84' lang='lat' dir='ltr'>priori</span> <span class='ocrx_word' id='word_1_177' title='bbox 631 2736 691 2774; x_wconf 91' lang='lat' dir='ltr'>non</span> <span class='ocrx_word' id='word_1_178' title='bbox 711 2715 878 2778; x_wconf 75' lang='lat' dir='ltr'>conveniri</span> 
     </span>
     <span class='ocr_line' id='line_1_29' title="bbox 192 2789 882 2879; baseline 0.016 -29"><span class='ocrx_word' id='word_1_179' title='bbox 192 2791 262 2874; x_wconf 82' lang='lat' dir='ltr'>quid</span> <span class='ocrx_word' id='word_1_180' title='bbox 277 2789 419 2872; x_wconf 82' lang='lat' dir='ltr'>sequitur,</span> <span class='ocrx_word' id='word_1_181' title='bbox 437 2791 517 2873; x_wconf 85' lang='lat' dir='ltr'>quod</span> <span class='ocrx_word' id='word_1_182' title='bbox 529 2814 588 2850; x_wconf 91' lang='lat' dir='ltr'>non</span> <span class='ocrx_word' id='word_1_183' title='bbox 605 2794 780 2875; x_wconf 82' lang='lat' dir='ltr'>respondeat</span> <span class='ocrx_word' id='word_1_184' title='bbox 796 2798 882 2879; x_wconf 82' lang='lat' dir='ltr'>fitpe·</span> 
     </span>
     <span class='ocr_line' id='line_1_30' title="bbox 189 2872 881 2957; baseline 0.003 -21"><span class='ocrx_word' id='word_1_185' title='bbox 189 2875 259 2936; x_wconf 73' lang='lat' dir='ltr'>riori</span> <span class='ocrx_word' id='word_1_186' title='bbox 270 2872 285 2933; x_wconf 68' lang='grc' dir='ltr'>ξ’</span> <span class='ocrx_word' id='word_1_187' title='bbox 301 2873 368 2955; x_wconf 85' lang='lat' dir='ltr'>quid</span> <span class='ocrx_word' id='word_1_188' title='bbox 387 2896 446 2935; x_wconf 87' lang='lat' dir='ltr'>non</span> <span class='ocrx_word' id='word_1_189' title='bbox 463 2875 503 2933; x_wconf 81' lang='lat' dir='ltr'>sic</span> <span class='ocrx_word' id='word_1_190' title='bbox 520 2873 597 2932; x_wconf 88' lang='lat' dir='ltr'>aliud</span> <span class='ocrx_word' id='word_1_191' title='bbox 609 2895 644 2934; x_wconf 86' lang='lat' dir='ltr'>ex</span> <span class='ocrx_word' id='word_1_192' title='bbox 659 2876 717 2938; x_wconf 87' lang='lat' dir='ltr'>alio</span> <span class='ocrx_word' id='word_1_193' title='bbox 736 2879 881 2957; x_wconf 60' lang='lat' dir='ltr'>militur,</span> 
     </span>
     <span class='ocr_line' id='line_1_31' title="bbox 188 2955 886 3039; baseline 0.007 -19"><span class='ocrx_word' id='word_1_194' title='bbox 188 2972 223 3020; x_wconf 75' lang='lat' dir='ltr'>nt</span> <span class='ocrx_word' id='word_1_195' title='bbox 239 2976 322 3031; x_wconf 70' lang='lat' dir='ltr'>non,</span> <span class='ocrx_word' id='word_1_196' title='bbox 334 2958 360 3016; x_wconf 79' lang='lat' dir='ltr'>si</span> <span class='ocrx_word' id='word_1_197' title='bbox 372 2957 461 3020; x_wconf 78' lang='lat' dir='ltr'>ullam</span> <span class='ocrx_word' id='word_1_198' title='bbox 475 2955 603 3017; x_wconf 82' lang='lat' dir='ltr'>litteram</span> <span class='ocrx_word' id='word_1_199' title='bbox 614 2960 767 3039; x_wconf 82' lang='lat' dir='ltr'>moreris,</span> <span class='ocrx_word' id='word_1_200' title='bbox 780 2961 886 3025; x_wconf 74' lang='lat' dir='ltr'>labent</span> 
     </span>
    </p>
   </div>
   <div class='ocr_carea' id='block_1_3' title="bbox 0 0 1083 4067">
    <p class='ocr_par' dir='ltr' id='par_1_5' title="bbox 0 0 1083 4067">
     <span class='ocr_line' id='line_1_32' title="bbox 0 0 1083 4067; baseline 0 0"><span class='ocrx_word' id='word_1_201' title='bbox 0 0 1083 4067; x_wconf 95' lang='lat' dir='ltr'> </span> 
     </span>
    </p>
   </div>
  </div>
 </body>
</html>
