2125 4067
293 569 298 577 -
334 512 497 591 itata
531 529 761 591 ralrrvs.
810 535 886 614 401

198 647 226 688 a»
241 624 405 695 'dolentiam
424 655 534 718 magno
556 657 648 719 opere
665 635 806 710 laudant3
823 650 890 716 qun
983 648 989 654 '

194 732 224 770 a»
244 733 299 775 nec
320 714 416 795 potest
438 718 495 778 ulla
515 715 601 790 esse,
627 727 681 779 nec
702 717 801 777 debet.
836 714 887 779 Ne

201 816 221 852 n
243 797 441 932 aeprorassim,
454 799 563 877 inquit:
581 801 624 857 sin
634 799 664 857 id
680 796 888 875 ffieritssensus

200 896 220 929 η
243 896 261 932 a
283 877 338 949 sit,
358 876 420 936 sive
432 877 542 937 secetur
558 878 649 958 quid,
671 880 732 936 sive
746 877 888 938 avellatur

199 978 220 1012 o
243 974 416 1034 acorpore:
437 978 503 1016 nam
527 956 596 1017 illuc
614 957 683 1016 nihil
702 957 802 1016 dolere
824 976 886 1019 non

199 1058 219 1092 n
241 1037 305 1094 sine
319 1057 423 1117 magna
440 1036 578 1109 mercede
598 1038 761 1117 contingit,
781 1039 887 1099 imma·

200 1136 219 1172 n
241 1116 336 1174 nitatis
346 1118 373 1174 in
388 1118 508 1187 animo,
523 1113 646 1198 sluporis
662 1119 692 1175 in
711 1136 846 1196 corpore.

245 1210 291 1271 13.
304 1193 363 1254 sed
375 1196 525 1269 videamus
535 1241 545 1268 ‚
557 1216 594 1257 ne
605 1197 665 1273 hae3c
677 1197 771 1256 oratio
780 1198 816 1254 sir
829 1196 887 1258 ho·

198 1275 310 1335 minum
329 1274 525 1336 assentantium
546 1275 648 1336 nostrae
670 1276 887 1352 imbecillitati,

193 1353 232 1414 ²&
251 1354 458 1436 indulgentium
484 1357 681 1429 mollitudini3
705 1377 760 1416 nos
785 1374 885 1437 autem

192 1435 354 1495 audeamus
372 1456 432 1496 non
449 1435 540 1496 solim
553 1457 707 1497 ramosam
730 1454 811 1496 utare
828 1439 885 1497 mi·

197 1513 352 1587 seriarum,
371 1516 419 1575 sed
438 1527 541 1576 omnes
557 1517 685 1577 radicum
699 1459 786 1576 libras
797 1516 884 1578 evel-

197 1595 279 1656 lere:
303 1613 401 1656 tamen
421 1597 527 1675 aliquid
542 1599 720 1677 relinquetur
740 1594 883 1672 forraffe3

189 1677 236 1735 ita
255 1673 319 1754 sont
332 1676 396 1734 altae
410 1673 509 1757 stirpes
521 1675 643 1737 stultitiae
655 1697 663 1735 t
676 1676 726 1736 sed
737 1677 883 1756 relinquet·

190 1767 243 1815 'rur
254 1755 284 1814 id
300 1755 412 1826 solum,
424 1758 504 1836 quod
520 1761 573 1819 erit
587 1755 781 1819 necessarium.
804 1757 880 1840 illud

189 1835 315 1917 quidem
338 1840 377 1895 sic
401 1838 507 1897 habero
527 1883 538 1911 ,
561 1841 614 1897 nisi
636 1839 749 1897 sanatus
768 1840 879 1898 animus

194 1917 274 1990 sir‚-
317 1915 355 1976 od
376 1917 436 1993 sine
456 1917 637 1997 philosophia
656 1916 717 1976 fieri
736 1937 796 1976 non
817 1939 879 1996 po·

193 1992 249 2057 test
258 2041 272 2075 ,Ι
299 2016 365 2057 nem
376 1995 551 2057 miseriarum
565 1998 675 2055 nullum
686 1996 765 2056 fore:
780 2014 880 2076 quam·

189 2069 318 2150 obrem,
336 2080 474 2158 quoniam
488 2079 650 2156 coepimus,
667 2076 811 2136 tradamus
823 2097 880 2138 noa

187 2159 221 2220 ei
243 2157 408 2218 curandost
430 2156 593 2217 sanabimur
611 2200 621 2231 ,
636 2157 661 2215 si
672 2157 818 2217 volemus.
839 2155 879 2219 Et

190 2237 363 2334 progrediar
380 2238 498 2314 quidem
517 2237 650 2319 longiis:
666 2258 727 2296 non
746 2238 826 2298 enim
839 2236 879 2299 de

192 2319 364 2400 ae'gntudine
383 2317 499 2390 solinu,
516 2338 689 2397 quamquam
709 2317 740 2376 id
758 2316 878 2396 quidem

185 2398 400 2479 ·primi1m‚sed
417 2400 455 2458 de
472 2400 554 2462 omni
570 2399 678 2471 animi,
696 2414 727 2455 ur
747 2416 805 2478 ego
819 2416 879 2477 po·

189 2477 253 2554 sui,
290 2480 486 2541 esturbatione
499 2484 513 2553 (
525 2481 651 2551 morbo,
663 2495 696 2539 ut
709 2475 805 2539 Graeci
817 2498 877 2539 vo·

190 2557 252 2619 lunt
269 2501 288 2641 ς
304 2560 468 2641 explicabo.
496 2558 532 2620 Et
555 2561 679 2642 primi),
705 2561 729 2618 si
751 2560 877 2654 placet,

188 2637 354 2700 Stoicorum
371 2660 455 2701 more
472 2661 606 2722 agamus,
618 2643 667 2722 qui
677 2642 805 2719 breviter
822 2637 876 2697 ad·

188 2716 328 2800 stringere
341 2719 435 2778 solent
452 2740 621 2801 argumenta
632 2741 643 2796 ·‚
655 2721 760 2781 deinde
773 2716 874 2781 nolito

180 2797 318 2858 instituto
338 2799 515 2879 vagabimur.

230 2876 315 2937 vll.
337 2874 404 2955 Qui
424 2876 507 2937 fortis
525 2876 587 2949 est,
607 2877 687 2938 idem
699 2876 741 2938 est
757 2875 874 2954 lidron

187 2960 327 3042 quoniam
345 2954 495 3017 confidens
511 2958 586 3018 mali
602 2957 808 3018 consuetudine
826 2957 874 3017 lo·

180 3039 299 3125 ·quendi
316 3040 346 3102 in
359 3040 433 3107 virio
453 3030 589 3124 ponirai'r,
608 3037 725 3105 oeno
746 3038 872 3106 verbum
