2125 4067
228 536 384 614 Lrnrn
416 559 697 613 recurvus.
739 543 817 636 369

129 670 199 736 quae·
214 656 293 718 bona
314 659 444 738 corporis
465 657 498 717 ἃ·
514 655 636 718 fortunae
653 673 790 737 putantur
804 689 826 730 ‚·-

129 740 290 874 perexigua
314 739 345 798 &
366 739 475 797 minuta
495 737 647 797 videantur
664 756 671 794 ε
690 757 727 797 ne
749 757 822 795 ma·-

140 830 195 874 um
208 817 326 896 quidem
337 818 446 891 ullum,
458 837 512 876 nec
524 862 532 890 ,
545 819 569 876 si
579 819 607 875 in
617 828 704 875 unum
717 817 814 876 locum

131 895 241 954 collata
259 896 322 956 sunt
332 899 449 971 omnia,
461 917 527 955 cum
539 897 717 977 turpitudinis
735 897 822 959 malo·

133 977 346 1054 comparanda.
822 1026 824 1033 .

177 1072 225 1133 31.
253 1055 377 1136 Quare,
400 1056 443 1128 si,
466 1072 499 1114 ut
522 1055 604 1114 initio
631 1053 814 1128 concessisti‚'

131 1136 284 1215 turpitudo
301 1135 384 1217 pejus
404 1133 445 1194 est
461 1134 547 1215 quim
568 1134 654 1194 dolor
666 1155 675 1206 ;
686 1135 754 1194 nihil
776 1133 828 1196 est·

132 1215 218 1296 plane
236 1214 339 1275 dolor:
354 1236 420 1274 nam
438 1215 508 1275 dum
525 1213 578 1273 tibi
596 1230 679 1294 turpe
702 1235 756 1274 nec
769 1215 816 1274 di-

155 1316 222 1354 num
242 1296 306 1356 viro
330 1295 495 1366 videbitur,
521 1313 666 1376 gernere,
686 1292 830 1373 ejulare,·.

132 1315 302 1450 fomentari,
315 1374 427 1456 frangi,
440 1374 603 1447 debilitari,
619 1374 738 1449 dolere,
750 1393 828 1437 tum·

133 1454 288 1528 honestas,
306 1471 367 1515 tum
392 1455 532 1536 dignitas,
550 1472 613 1515 tum
632 1454 720 1515 decus
741 1455 816 1516 ade-

133 1538 171 1596 rit
184 1555 348 1616 :quumque
361 1537 390 1593 in
405 1555 440 1594 ea
452 1536 664 1605 intueberis,te
673 1539 816 1596 eontine-

133 1615 181 1674 bie
192 1636 203 1673 :-
220 1616 304 1676 cedet
323 1613 454 1695 profedlb
470 1617 569 1674 virtuti
587 1614 695 1690 dolor,
707 1617 738 1675 &
752 1619 827 1676 ani·.

133 1696 177 1757 mi
196 1695 360 1755 indudione
370 1693 551 1776 languescet:
571 1709 618 1755 aut
636 1699 713 1756 enirn
735 1697 817 1758 nulla

133 1778 226 1835 virtus
245 1775 304 1848 eli,
323 1791 370 1835 aut
388 1774 618 1845 contemnendus
641 1780 734 1837 omnis
754 1778 814 1837 do·

133 1855 190 1916 lor.
212 1853 435 1916 Prudentia'tnne‘
449 1853 592 1929 viselle,
613 1857 673 1916 sine
694 1878 750 1979 qua
773 1877 813 1917 ne

133 1935 255 2018 intelligi
276 1935 393 2019 quidem
407 1935 465 1994 ulla
480 1937 571 1994 virtus
592 1935 710 2013 potest.
743 1935 824 2016 quid'

134 2035 207 2095 ergo
226 2036 260 2076 ea
278 2027 295 2076 θ’
314 2018 476 2096 patieturne
493 2032 524 2074 te
542 2014 698 2094 quidquam
717 2012 818 2075 facere

134 2096 204 2157 nihil
220 2093 419 2176 proficientem
436 2096 467 2154 ὃ(
480 2093 678 2153 laborantem?
692 2115 728 2153 an
742 2108 816 2154 tern-

134 2179 265 2258 perantia
280 2179 353 2236 sinet
369 2192 399 2235 te
416 2174 609 2235 immoderate
623 2173 717 2233 facere
731 2174 830 2253 quid-.

135 2251 246 2339 quami
268 2277 304 2315 an
321 2255 377 2314 coli
394 2253 496 2313 ‘ustitia
515 2254 622 2333 poterit
642 2253 677 2311 ab
697 2253 816 2314 homine

135 2354 257 2419 propter
274 2337 336 2396 vim
348 2276 457 2394 doioris
468 2334 635 2393 enuntiante
650 2330 796 2392 commissa
805 2377 820 2408 ,

134 2418 282 2500 prodente
314 2413 471 2489 conscios,
495 2413 586 2475 multa
612 2411 707 2474 officia
728 2414 819 2474 relin-¹

135 2496 272 2580 querite?
401 2568 405 2577 Ι
639 2572 641 2577 Ι

182 2595 228 2656 32·
243 2573 343 2655 Quid?
355 2573 514 2637 fortitudini
525 2574 733 2657 comitibusque
743 2572 823 2655 ejus,'

134 2655 327 2738 magnitudini
347 2658 455 2732 animi,
477 2658 630 2738 gravitati,
655 2658 825 2736 patientiae,

135 2757 236 2799 rerum
253 2735 439 2793 humanarum
456 2730 647 2814 despicientiae
657 2755 738 2824 ‚quo
750 2755 821 2794 nro·

137 2811 182 2875 do
202 2811 416 2891 respondebis?
435 2812 585 2873 afflidlusne
604 2858 614 2886 ‚
636 2815 668 2873 δι
695 2833 793 2891 jacens
810 2858 832 2889 ‚,

138 2891 372 2956 &lamentabili
395 2913 472 2952 voce
495 2892 675 2971 deplorans,
698 2892 826 2972 audies,

139 2972 176 3038 Ο
192 2976 293 3035 virum
312 2970 441 3032 fortem?
459 2970 506 3034 Te
527 2972 602 3033 verb
616 2973 657 3050 ita
676 2969 828 3051 affedlurn,

137 3074 180 3135 ne
215 3057 311 3119 virum
332 3052 451 3136 quidem
469 3052 574 3117 dixerit
591 3051 748 3218 quisssam.
768 3052 831 3120 Aut

706 3157 728 3202 V
