<?xml version="1.0" encoding="UTF-8"?>
<!DOCTYPE html PUBLIC "-//W3C//DTD XHTML 1.0 Transitional//EN"
    "http://www.w3.org/TR/xhtml1/DTD/xhtml1-transitional.dtd">
<html xmlns="http://www.w3.org/1999/xhtml" xml:lang="en" lang="en">
 <head>
  <title>
</title>
<meta http-equiv="Content-Type" content="text/html;charset=utf-8" />
  <meta name='ocr-system' content='tesseract 3.04.00' />
  <meta name='ocr-capabilities' content='ocr_page ocr_carea ocr_par ocr_line ocrx_word'/>
</head>
<body>
  <div class='ocr_page' id='page_1' title='image "./mtulliiciceroni00lallgoog_0109.png"; bbox 0 0 2125 4067; ppageno 0'>
   <div class='ocr_carea' id='block_1_1' title="bbox 282 508 869 598">
    <p class='ocr_par' dir='ltr' id='par_1_1' title="bbox 282 508 869 598">
     <span class='ocr_line' id='line_1_1' title="bbox 282 508 869 598; baseline 0.005 -22"><span class='ocrx_word' id='word_1_1' title='bbox 282 508 435 578; x_wconf 74' lang='lat' dir='ltr'>Lrnan</span> <span class='ocrx_word' id='word_1_2' title='bbox 467 520 748 578; x_wconf 70' lang='lat' dir='ltr'>saevimus.</span> <span class='ocrx_word' id='word_1_3' title='bbox 794 516 869 598; x_wconf 78' lang='lat'>109</span> 
     </span>
    </p>
   </div>
   <div class='ocr_carea' id='block_1_2' title="bbox 182 621 904 2712">
    <p class='ocr_par' dir='ltr' id='par_1_2' title="bbox 182 621 904 2712">
     <span class='ocr_line' id='line_1_2' title="bbox 184 621 870 704; baseline -0.001 -21"><span class='ocrx_word' id='word_1_4' title='bbox 184 621 245 683; x_wconf 85' lang='lat' dir='ltr'>Sed</span> <span class='ocrx_word' id='word_1_5' title='bbox 260 623 297 682; x_wconf 89' lang='lat' dir='ltr'>ad</span> <span class='ocrx_word' id='word_1_6' title='bbox 311 623 389 683; x_wconf 90' lang='lat' dir='ltr'>bona</span> <span class='ocrx_word' id='word_1_7' title='bbox 403 622 547 704; x_wconf 70' lang='lat' dir='ltr'>preterita</span> <span class='ocrx_word' id='word_1_8' title='bbox 561 621 727 682; x_wconf 76' lang='lat' dir='ltr'>redeamus:</span> <span class='ocrx_word' id='word_1_9' title='bbox 764 643 807 681; x_wconf 85' lang='lat' dir='ltr'>uae</span> <span class='ocrx_word' id='word_1_10' title='bbox 818 625 840 681; x_wconf 86' lang='lat' dir='ltr'>si</span> <span class='ocrx_word' id='word_1_11' title='bbox 851 644 870 682; x_wconf 85' lang='lat' dir='ltr'>a</span> 
     </span>
     <span class='ocr_line' id='line_1_3' title="bbox 182 700 869 783; baseline -0.003 -19"><span class='ocrx_word' id='word_1_12' title='bbox 182 703 271 764; x_wconf 85' lang='lat' dir='ltr'>vobis</span> <span class='ocrx_word' id='word_1_13' title='bbox 287 704 355 762; x_wconf 86' lang='lat' dir='ltr'>talia</span> <span class='ocrx_word' id='word_1_14' title='bbox 367 703 546 774; x_wconf 84' lang='lat' dir='ltr'>dicerentur,</span> <span class='ocrx_word' id='word_1_15' title='bbox 560 703 691 783; x_wconf 82' lang='lat' dir='ltr'>qualibus</span> <span class='ocrx_word' id='word_1_16' title='bbox 705 700 742 763; x_wconf 84' lang='lat' dir='ltr'>C.</span> <span class='ocrx_word' id='word_1_17' title='bbox 795 705 869 762; x_wconf 72' lang='lat' dir='ltr'>arius</span> 
     </span>
     <span class='ocr_line' id='line_1_4' title="bbox 183 781 870 864; baseline 0.001 -23"><span class='ocrx_word' id='word_1_18' title='bbox 183 785 230 841; x_wconf 89' lang='lat' dir='ltr'>uti</span> <span class='ocrx_word' id='word_1_19' title='bbox 248 800 381 862; x_wconf 84' lang='lat' dir='ltr'>poterat,</span> <span class='ocrx_word' id='word_1_20' title='bbox 402 801 435 841; x_wconf 86' lang='lat' dir='ltr'>ut</span> <span class='ocrx_word' id='word_1_21' title='bbox 453 781 601 861; x_wconf 87' lang='lat' dir='ltr'>expulsus,</span> <span class='ocrx_word' id='word_1_22' title='bbox 618 786 763 864; x_wconf 83' lang='lat' dir='ltr'>egens‚in</span> <span class='ocrx_word' id='word_1_23' title='bbox 783 783 870 863; x_wconf 89' lang='lat' dir='ltr'>palu-</span> 
     </span>
     <span class='ocr_line' id='line_1_5' title="bbox 187 860 871 940; baseline 0.006 -21"><span class='ocrx_word' id='word_1_24' title='bbox 187 862 228 920; x_wconf 88' lang='lat' dir='ltr'>de</span> <span class='ocrx_word' id='word_1_25' title='bbox 250 860 413 934; x_wconf 87' lang='lat' dir='ltr'>demersus,</span> <span class='ocrx_word' id='word_1_26' title='bbox 428 879 603 940; x_wconf 76' lang='lat' dir='ltr'>tropaeorum</span> <span class='ocrx_word' id='word_1_27' title='bbox 613 863 814 923; x_wconf 84' lang='lat' dir='ltr'>recordatione</span> <span class='ocrx_word' id='word_1_28' title='bbox 826 863 871 923; x_wconf 90' lang='lat' dir='ltr'>le·</span> 
     </span>
     <span class='ocr_line' id='line_1_6' title="bbox 188 939 871 1023; baseline 0.001 -23"><span class='ocrx_word' id='word_1_29' title='bbox 188 957 275 1004; x_wconf 83' lang='lat' dir='ltr'>varet</span> <span class='ocrx_word' id='word_1_30' title='bbox 291 939 425 1001; x_wconf 92' lang='lat' dir='ltr'>dolorem</span> <span class='ocrx_word' id='word_1_31' title='bbox 443 939 523 998; x_wconf 91' lang='lat' dir='ltr'>suum</span> <span class='ocrx_word' id='word_1_32' title='bbox 536 961 546 1011; x_wconf 90' lang='lat'>;</span> <span class='ocrx_word' id='word_1_33' title='bbox 560 943 706 1014; x_wconf 81' lang='lat' dir='ltr'>aud-irem,</span> <span class='ocrx_word' id='word_1_34' title='bbox 728 944 759 1003; x_wconf 75' lang='grc' dir='ltr'>ὃ(</span> <span class='ocrx_word' id='word_1_35' title='bbox 785 942 871 1023; x_wconf 69' lang='lat' dir='ltr'>plane</span> 
     </span>
     <span class='ocr_line' id='line_1_7' title="bbox 186 1020 872 1100; baseline 0.004 -22"><span class='ocrx_word' id='word_1_36' title='bbox 186 1020 356 1100; x_wconf 88' lang='lat' dir='ltr'>probarem.</span> <span class='ocrx_word' id='word_1_37' title='bbox 385 1020 450 1080; x_wconf 91' lang='lat' dir='ltr'>Nec</span> <span class='ocrx_word' id='word_1_38' title='bbox 475 1023 554 1079; x_wconf 90' lang='lat' dir='ltr'>enim</span> <span class='ocrx_word' id='word_1_39' title='bbox 575 1021 682 1080; x_wconf 83' lang='lat' dir='ltr'>absolvi</span> <span class='ocrx_word' id='word_1_40' title='bbox 703 1024 789 1081; x_wconf 86' lang='lat' dir='ltr'>beata</span> <span class='ocrx_word' id='word_1_41' title='bbox 811 1026 872 1082; x_wconf 89' lang='lat' dir='ltr'>vita</span> 
     </span>
     <span class='ocr_line' id='line_1_8' title="bbox 184 1100 902 1182; baseline 0 -21"><span class='ocrx_word' id='word_1_42' title='bbox 184 1100 344 1181; x_wconf 83' lang='lat' dir='ltr'>sapientis,</span> <span class='ocrx_word' id='word_1_43' title='bbox 361 1122 415 1160; x_wconf 88' lang='lat' dir='ltr'>nec</span> <span class='ocrx_word' id='word_1_44' title='bbox 429 1101 593 1161; x_wconf 70' lang='lat' dir='ltr'>ael-exitum</span> <span class='ocrx_word' id='word_1_45' title='bbox 610 1100 728 1181; x_wconf 80' lang='lat' dir='ltr'>perduci</span> <span class='ocrx_word' id='word_1_46' title='bbox 743 1106 849 1182; x_wconf 87' lang='lat' dir='ltr'>poterit</span> <span class='ocrx_word' id='word_1_47' title='bbox 862 1124 872 1175; x_wconf 64' lang='grc' dir='ltr'><strong><em>ς</em></strong></span> <span class='ocrx_word' id='word_1_48' title='bbox 899 1160 902 1168; x_wconf 85' lang='grc'><strong>,</strong></span> 
     </span>
     <span class='ocr_line' id='line_1_9' title="bbox 185 1179 874 1262; baseline 0.003 -22"><span class='ocrx_word' id='word_1_49' title='bbox 185 1184 212 1241; x_wconf 80' lang='lat' dir='ltr'>si</span> <span class='ocrx_word' id='word_1_50' title='bbox 239 1185 331 1261; x_wconf 86' lang='lat' dir='ltr'>prima</span> <span class='ocrx_word' id='word_1_51' title='bbox 351 1201 499 1262; x_wconf 73' lang='lat' dir='ltr'>quaque,</span> <span class='ocrx_word' id='word_1_52' title='bbox 521 1181 599 1241; x_wconf 91' lang='lat' dir='ltr'>bene</span> <span class='ocrx_word' id='word_1_53' title='bbox 622 1182 660 1240; x_wconf 90' lang='lat' dir='ltr'>ab</span> <span class='ocrx_word' id='word_1_54' title='bbox 682 1201 720 1240; x_wconf 89' lang='lat' dir='ltr'>eo</span> <span class='ocrx_word' id='word_1_55' title='bbox 749 1179 874 1242; x_wconf 78' lang='lat' dir='ltr'>consulta</span> 
     </span>
     <span class='ocr_line' id='line_1_10' title="bbox 185 1261 835 1343; baseline -0.002 -22"><span class='ocrx_word' id='word_1_56' title='bbox 185 1278 275 1343; x_wconf 88' lang='lat' dir='ltr'>atque</span> <span class='ocrx_word' id='word_1_57' title='bbox 289 1261 483 1342; x_wconf 51' lang='lat' dir='ltr'>sabim-ipsius</span> <span class='ocrx_word' id='word_1_58' title='bbox 497 1262 651 1322; x_wconf 88' lang='lat' dir='ltr'>oblivione</span> <span class='ocrx_word' id='word_1_59' title='bbox 665 1262 835 1321; x_wconf 88' lang='lat' dir='ltr'>obruentur.</span> 
     </span>
     <span class='ocr_line' id='line_1_11' title="bbox 233 1341 875 1424; baseline -0.003 -22"><span class='ocrx_word' id='word_1_60' title='bbox 233 1342 299 1402; x_wconf 75' lang='lat'><strong>106.</strong></span> <span class='ocrx_word' id='word_1_61' title='bbox 322 1341 381 1403; x_wconf 91' lang='lat' dir='ltr'>Sed</span> <span class='ocrx_word' id='word_1_62' title='bbox 402 1343 488 1403; x_wconf 84' lang='lat' dir='ltr'>vobis</span> <span class='ocrx_word' id='word_1_63' title='bbox 509 1343 697 1424; x_wconf 86' lang='lat' dir='ltr'>voluptatum</span> <span class='ocrx_word' id='word_1_64' title='bbox 719 1353 875 1422; x_wconf 65' lang='lat' dir='ltr'>perceptaa&#39;</span> 
     </span>
     <span class='ocr_line' id='line_1_12' title="bbox 188 1422 878 1504; baseline 0 -23"><span class='ocrx_word' id='word_1_65' title='bbox 188 1442 254 1481; x_wconf 81' lang='lat' dir='ltr'>rum</span> <span class='ocrx_word' id='word_1_66' title='bbox 270 1424 431 1483; x_wconf 82' lang='lat' dir='ltr'>recordatio</span> <span class='ocrx_word' id='word_1_67' title='bbox 441 1424 658 1484; x_wconf 85' lang='lat' dir='ltr'>vitam‘beatam</span> <span class='ocrx_word' id='word_1_68' title='bbox 667 1422 754 1495; x_wconf 86' lang='lat' dir='ltr'>facit,</span> <span class='ocrx_word' id='word_1_69' title='bbox 766 1423 797 1483; x_wconf 89' lang='lat'>&amp;</span> <span class='ocrx_word' id='word_1_70' title='bbox 812 1422 878 1504; x_wconf 80' lang='lat' dir='ltr'>qui·</span> 
     </span>
     <span class='ocr_line' id='line_1_13' title="bbox 192 1502 873 1584; baseline 0.003 -24"><span class='ocrx_word' id='word_1_71' title='bbox 192 1502 262 1561; x_wconf 84' lang='lat' dir='ltr'>dem</span> <span class='ocrx_word' id='word_1_72' title='bbox 283 1523 406 1583; x_wconf 85' lang='lat' dir='ltr'>corpore</span> <span class='ocrx_word' id='word_1_73' title='bbox 425 1522 626 1584; x_wconf 86' lang='lat' dir='ltr'>perceptarum</span> <span class='ocrx_word' id='word_1_74' title='bbox 646 1525 654 1562; x_wconf 79' lang='grc' dir='ltr'><strong>ι</strong></span> <span class='ocrx_word' id='word_1_75' title='bbox 676 1506 785 1563; x_wconf 87' lang='lat' dir='ltr'>namsi</span> <span class='ocrx_word' id='word_1_76' title='bbox 807 1522 873 1584; x_wconf 81' lang='lat' dir='ltr'>quaa</span> 
     </span>
     <span class='ocr_line' id='line_1_14' title="bbox 189 1581 901 1658; baseline -0.006 -17"><span class='ocrx_word' id='word_1_77' title='bbox 189 1581 256 1642; x_wconf 84' lang='lat' dir='ltr'>sunt</span> <span class='ocrx_word' id='word_1_78' title='bbox 272 1584 350 1656; x_wconf 74' lang='lat' dir='ltr'>aliae,</span> <span class='ocrx_word' id='word_1_79' title='bbox 366 1581 467 1643; x_wconf 84' lang='lat' dir='ltr'>falsum</span> <span class='ocrx_word' id='word_1_80' title='bbox 482 1588 540 1658; x_wconf 74' lang='lat' dir='ltr'>est,</span> <span class='ocrx_word' id='word_1_81' title='bbox 557 1605 660 1646; x_wconf 89' lang='lat' dir='ltr'>omnes</span> <span class='ocrx_word' id='word_1_82' title='bbox 678 1586 764 1645; x_wconf 88' lang='lat' dir='ltr'>animi</span> <span class='ocrx_word' id='word_1_83' title='bbox 786 1584 874 1643; x_wconf 87' lang='lat' dir='ltr'>volu·</span> <span class='ocrx_word' id='word_1_84' title='bbox 899 1632 901 1637; x_wconf 92' lang='lat'><em>.</em></span> 
     </span>
     <span class='ocr_line' id='line_1_15' title="bbox 188 1662 903 1744; baseline 0.01 -22"><span class='ocrx_word' id='word_1_85' title='bbox 188 1679 285 1743; x_wconf 86' lang='lat' dir='ltr'>ptates</span> <span class='ocrx_word' id='word_1_86' title='bbox 306 1662 364 1724; x_wconf 81' lang='lat' dir='ltr'>elle</span> <span class='ocrx_word' id='word_1_87' title='bbox 381 1684 397 1724; x_wconf 89' lang='lat' dir='ltr'>e</span> <span class='ocrx_word' id='word_1_88' title='bbox 413 1667 541 1744; x_wconf 75' lang='lat' dir='ltr'>corporis</span> <span class='ocrx_word' id='word_1_89' title='bbox 555 1665 708 1727; x_wconf 79' lang='lat' dir='ltr'>societate.</span> <span class='ocrx_word' id='word_1_90' title='bbox 729 1663 874 1744; x_wconf 73' lang='lat' dir='ltr'>Corporis</span> <span class='ocrx_word' id='word_1_91' title='bbox 899 1720 903 1729; x_wconf 86' lang='grc'><em>,</em></span> 
     </span>
     <span class='ocr_line' id='line_1_16' title="bbox 185 1744 870 1828; baseline 0.004 -26"><span class='ocrx_word' id='word_1_92' title='bbox 185 1761 286 1804; x_wconf 89' lang='lat' dir='ltr'>autem</span> <span class='ocrx_word' id='word_1_93' title='bbox 296 1745 432 1826; x_wconf 89' lang='lat' dir='ltr'>voluptas</span> <span class='ocrx_word' id='word_1_94' title='bbox 446 1748 469 1804; x_wconf 87' lang='lat' dir='ltr'>si</span> <span class='ocrx_word' id='word_1_95' title='bbox 483 1748 570 1807; x_wconf 88' lang='lat' dir='ltr'>etiam</span> <span class='ocrx_word' id='word_1_96' title='bbox 578 1749 722 1828; x_wconf 73' lang='lat' dir='ltr'>praeterita</span> <span class='ocrx_word' id='word_1_97' title='bbox 732 1744 870 1815; x_wconf 61' lang='lat' dir='ltr'>deleilan</span> 
     </span>
     <span class='ocr_line' id='line_1_17' title="bbox 188 1825 875 1908; baseline 0.001 -24"><span class='ocrx_word' id='word_1_98' title='bbox 188 1845 249 1884; x_wconf 88' lang='lat' dir='ltr'>non</span> <span class='ocrx_word' id='word_1_99' title='bbox 265 1826 415 1908; x_wconf 81' lang='lat' dir='ltr'>intelligo,</span> <span class='ocrx_word' id='word_1_100' title='bbox 435 1847 485 1886; x_wconf 89' lang='lat' dir='ltr'>cur</span> <span class='ocrx_word' id='word_1_101' title='bbox 502 1825 672 1888; x_wconf 79' lang='lat' dir='ltr'>Aristoteles</span> <span class='ocrx_word' id='word_1_102' title='bbox 688 1825 875 1906; x_wconf 82' lang='lat' dir='ltr'>Sardanapali</span> 
     </span>
     <span class='ocr_line' id='line_1_18' title="bbox 188 1905 904 1990; baseline 0.003 -26"><span class='ocrx_word' id='word_1_103' title='bbox 188 1908 366 1988; x_wconf 85' lang='lat' dir='ltr'>epigramma</span> <span class='ocrx_word' id='word_1_104' title='bbox 377 1924 533 1987; x_wconf 81' lang='lat' dir='ltr'>tantopere</span> <span class='ocrx_word' id='word_1_105' title='bbox 548 1907 677 1969; x_wconf 86' lang='lat' dir='ltr'>derideat</span> <span class='ocrx_word' id='word_1_106' title='bbox 689 1928 698 1980; x_wconf 79' lang='lat'>3</span> <span class='ocrx_word' id='word_1_107' title='bbox 712 1910 742 1966; x_wconf 91' lang='lat' dir='ltr'>in</span> <span class='ocrx_word' id='word_1_108' title='bbox 755 1928 814 1990; x_wconf 93' lang='lat' dir='ltr'>quo</span> <span class='ocrx_word' id='word_1_109' title='bbox 825 1905 876 1967; x_wconf 82' lang='lat' dir='ltr'>ille</span> <span class='ocrx_word' id='word_1_110' title='bbox 901 1945 904 1953; x_wconf 88' lang='lat'>·</span> 
     </span>
     <span class='ocr_line' id='line_1_19' title="bbox 186 1985 876 2069; baseline 0.001 -24"><span class='ocrx_word' id='word_1_111' title='bbox 186 2006 241 2045; x_wconf 84' lang='lat' dir='ltr'>rex</span> <span class='ocrx_word' id='word_1_112' title='bbox 266 1985 389 2067; x_wconf 74' lang='lat' dir='ltr'>Assyriae</span> <span class='ocrx_word' id='word_1_113' title='bbox 413 1989 577 2069; x_wconf 83' lang='lat' dir='ltr'>glorietur,</span> <span class='ocrx_word' id='word_1_114' title='bbox 598 1988 626 2047; x_wconf 88' lang='lat' dir='ltr'>se</span> <span class='ocrx_word' id='word_1_115' title='bbox 654 2007 758 2047; x_wconf 87' lang='lat' dir='ltr'>omnes</span> <span class='ocrx_word' id='word_1_116' title='bbox 778 1986 876 2047; x_wconf 84' lang='lat' dir='ltr'>secum</span> 
     </span>
     <span class='ocr_line' id='line_1_20' title="bbox 185 2065 876 2147; baseline -0.001 -22"><span class='ocrx_word' id='word_1_117' title='bbox 185 2066 340 2126; x_wconf 88' lang='lat' dir='ltr'>libidinum</span> <span class='ocrx_word' id='word_1_118' title='bbox 351 2067 519 2147; x_wconf 87' lang='lat' dir='ltr'>voluptates</span> <span class='ocrx_word' id='word_1_119' title='bbox 532 2065 691 2128; x_wconf 79' lang='lat' dir='ltr'>abstuliffe:</span> <span class='ocrx_word' id='word_1_120' title='bbox 705 2068 784 2147; x_wconf 89' lang='lat' dir='ltr'>quod</span> <span class='ocrx_word' id='word_1_121' title='bbox 797 2071 876 2128; x_wconf 87' lang='lat' dir='ltr'>enim</span> 
     </span>
     <span class='ocr_line' id='line_1_21' title="bbox 189 2147 877 2228; baseline 0 -23"><span class='ocrx_word' id='word_1_122' title='bbox 189 2166 230 2205; x_wconf 79' lang='lat' dir='ltr'>ne</span> <span class='ocrx_word' id='word_1_123' title='bbox 247 2148 332 2221; x_wconf 83' lang='lat' dir='ltr'>vivus</span> <span class='ocrx_word' id='word_1_124' title='bbox 351 2149 493 2227; x_wconf 85' lang='lat' dir='ltr'>quidem,</span> <span class='ocrx_word' id='word_1_125' title='bbox 512 2151 625 2228; x_wconf 87' lang='lat' dir='ltr'>inquit,</span> <span class='ocrx_word' id='word_1_126' title='bbox 648 2148 751 2208; x_wconf 86' lang='lat' dir='ltr'>diutius</span> <span class='ocrx_word' id='word_1_127' title='bbox 772 2147 877 2207; x_wconf 76' lang='lat' dir='ltr'>sentire</span> 
     </span>
     <span class='ocr_line' id='line_1_22' title="bbox 192 2227 877 2306; baseline 0.004 -22"><span class='ocrx_word' id='word_1_128' title='bbox 192 2241 331 2305; x_wconf 88' lang='lat' dir='ltr'>poterat,</span> <span class='ocrx_word' id='word_1_129' title='bbox 349 2227 436 2306; x_wconf 71' lang='lat' dir='ltr'>quarn</span> <span class='ocrx_word' id='word_1_130' title='bbox 456 2227 524 2286; x_wconf 89' lang='lat' dir='ltr'>dum</span> <span class='ocrx_word' id='word_1_131' title='bbox 543 2228 711 2298; x_wconf 62' lang='lat' dir='ltr'>fruebatur,</span> <span class='ocrx_word' id='word_1_132' title='bbox 728 2249 787 2305; x_wconf 91' lang='lat' dir='ltr'>quo</span> <span class='ocrx_word' id='word_1_133' title='bbox 806 2248 877 2287; x_wconf 92' lang='lat' dir='ltr'>mo·</span> 
     </span>
     <span class='ocr_line' id='line_1_23' title="bbox 189 2305 878 2390; baseline 0.004 -26"><span class='ocrx_word' id='word_1_134' title='bbox 189 2306 233 2365; x_wconf 87' lang='lat' dir='ltr'>do</span> <span class='ocrx_word' id='word_1_135' title='bbox 246 2306 276 2364; x_wconf 88' lang='lat' dir='ltr'>id</span> <span class='ocrx_word' id='word_1_136' title='bbox 292 2309 389 2386; x_wconf 92' lang='lat' dir='ltr'>potuit</span> <span class='ocrx_word' id='word_1_137' title='bbox 405 2323 521 2366; x_wconf 84' lang='lat' dir='ltr'>mortno</span> <span class='ocrx_word' id='word_1_138' title='bbox 535 2325 705 2386; x_wconf 85' lang='lat' dir='ltr'>permanere</span> <span class='ocrx_word' id='word_1_139' title='bbox 717 2305 727 2365; x_wconf 76' lang='grc' dir='ltr'><strong><em>ἓ</em></strong></span> <span class='ocrx_word' id='word_1_140' title='bbox 738 2307 814 2367; x_wconf 89' lang='lat' dir='ltr'>Fluit</span> <span class='ocrx_word' id='word_1_141' title='bbox 824 2309 878 2390; x_wconf 81' lang='lat' dir='ltr'>igi-</span> 
     </span>
     <span class='ocr_line' id='line_1_24' title="bbox 189 2388 878 2471; baseline 0.006 -25"><span class='ocrx_word' id='word_1_142' title='bbox 189 2405 239 2446; x_wconf 86' lang='lat' dir='ltr'>tur</span> <span class='ocrx_word' id='word_1_143' title='bbox 255 2389 393 2467; x_wconf 84' lang='lat' dir='ltr'>voluptas</span> <span class='ocrx_word' id='word_1_144' title='bbox 411 2389 568 2468; x_wconf 84' lang='lat' dir='ltr'>corporis,</span> <span class='ocrx_word' id='word_1_145' title='bbox 592 2388 732 2468; x_wconf 87' lang='lat' dir='ltr'>&amp;prima</span> <span class='ocrx_word' id='word_1_146' title='bbox 756 2408 878 2471; x_wconf 78' lang='lat' dir='ltr'>quaque</span> 
     </span>
     <span class='ocr_line' id='line_1_25' title="bbox 186 2466 877 2552; baseline 0.007 -26"><span class='ocrx_word' id='word_1_147' title='bbox 186 2467 291 2528; x_wconf 80' lang='lat' dir='ltr'>avolat</span> <span class='ocrx_word' id='word_1_148' title='bbox 307 2512 316 2543; x_wconf 92' lang='lat'>‚</span> <span class='ocrx_word' id='word_1_149' title='bbox 335 2466 495 2549; x_wconf 83' lang='lat' dir='ltr'>faepiusque·</span> <span class='ocrx_word' id='word_1_150' title='bbox 516 2469 651 2552; x_wconf 82' lang='lat' dir='ltr'>relinquit</span> <span class='ocrx_word' id='word_1_151' title='bbox 668 2467 766 2530; x_wconf 73' lang='lat' dir='ltr'>causas</span> <span class='ocrx_word' id='word_1_152' title='bbox 780 2473 877 2552; x_wconf 87' lang='lat' dir='ltr'>poeni·</span> 
     </span>
     <span class='ocr_line' id='line_1_26' title="bbox 191 2549 877 2631; baseline 0.004 -25"><span class='ocrx_word' id='word_1_153' title='bbox 191 2549 303 2620; x_wconf 88' lang='lat' dir='ltr'>tendi,</span> <span class='ocrx_word' id='word_1_154' title='bbox 326 2549 414 2629; x_wconf 80' lang='lat' dir='ltr'>quam</span> <span class='ocrx_word' id='word_1_155' title='bbox 433 2550 615 2610; x_wconf 85' lang='lat' dir='ltr'>recordandi.</span> <span class='ocrx_word' id='word_1_156' title='bbox 637 2549 738 2631; x_wconf 88' lang='lat' dir='ltr'>ltaque</span> <span class='ocrx_word' id='word_1_157' title='bbox 761 2551 877 2612; x_wconf 88' lang='lat' dir='ltr'>beatior</span> 
     </span>
     <span class='ocr_line' id='line_1_27' title="bbox 187 2627 846 2712; baseline 0.005 -24"><span class='ocrx_word' id='word_1_158' title='bbox 187 2627 346 2689; x_wconf 72' lang='lat' dir='ltr'>Africanus</span> <span class='ocrx_word' id='word_1_159' title='bbox 358 2650 424 2690; x_wconf 87' lang='lat' dir='ltr'>cum</span> <span class='ocrx_word' id='word_1_160' title='bbox 438 2634 526 2710; x_wconf 88' lang='lat' dir='ltr'>patria</span> <span class='ocrx_word' id='word_1_161' title='bbox 537 2632 588 2692; x_wconf 93' lang='lat' dir='ltr'>illo</span> <span class='ocrx_word' id='word_1_162' title='bbox 600 2631 692 2692; x_wconf 87' lang='lat' dir='ltr'>modo</span> <span class='ocrx_word' id='word_1_163' title='bbox 703 2632 846 2712; x_wconf 83' lang='lat' dir='ltr'>loquens,</span> 
     </span>
    </p>
   </div>
   <div class='ocr_carea' id='block_1_3' title="bbox 185 2734 879 2920">
    <p class='ocr_par' dir='ltr' id='par_1_3' title="bbox 185 2734 879 2920">
     <span class='ocr_line' id='line_1_28' title="bbox 185 2734 879 2834; baseline -0.003 -35"><span class='ocrx_word' id='word_1_164' title='bbox 185 2734 879 2834; x_wconf 58' lang='lat' dir='ltr'>&#39;DesineRomainorlostes...reliquaquepraeclarba</span> 
     </span>
     <span class='ocr_line' id='line_1_29' title="bbox 192 2839 804 2920; baseline -0.002 -29"><span class='ocrx_word' id='word_1_165' title='bbox 192 2839 307 2920; x_wconf 16' lang='lat' dir='ltr'>‘Namque</span> <span class='ocrx_word' id='word_1_166' title='bbox 318 2841 361 2903; x_wconf 79' lang='lat' dir='ltr'>ribi</span> <span class='ocrx_word' id='word_1_167' title='bbox 370 2859 515 2892; x_wconf 81' lang='lat' dir='ltr'>momrnrenta</span> <span class='ocrx_word' id='word_1_168' title='bbox 526 2846 571 2897; x_wconf 76' lang='lat' dir='ltr'>mei</span> <span class='ocrx_word' id='word_1_169' title='bbox 580 2861 691 2912; x_wconf 68' lang='lat' dir='ltr'>peperere</span> <span class='ocrx_word' id='word_1_170' title='bbox 700 2842 804 2892; x_wconf 82' lang='lat' dir='ltr'>labotes.</span> 
     </span>
    </p>
   </div>
   <div class='ocr_carea' id='block_1_4' title="bbox 192 2944 879 3113">
    <p class='ocr_par' dir='ltr' id='par_1_4' title="bbox 192 2944 879 3113">
     <span class='ocr_line' id='line_1_30' title="bbox 194 2944 879 3029; baseline 0.012 -23"><span class='ocrx_word' id='word_1_171' title='bbox 194 2944 359 3006; x_wconf 86' lang='lat' dir='ltr'>Laboribus</span> <span class='ocrx_word' id='word_1_172' title='bbox 375 2947 421 3005; x_wconf 83' lang='lat' dir='ltr'>hic</span> <span class='ocrx_word' id='word_1_173' title='bbox 437 2949 586 3026; x_wconf 80' lang='lat' dir='ltr'>praereritis</span> <span class='ocrx_word' id='word_1_174' title='bbox 602 2949 729 3029; x_wconf 83' lang='lat' dir='ltr'>gaudet3</span> <span class='ocrx_word' id='word_1_175' title='bbox 745 2965 777 3008; x_wconf 91' lang='lat' dir='ltr'>tu</span> <span class='ocrx_word' id='word_1_176' title='bbox 793 2946 879 3028; x_wconf 75' lang='lat' dir='ltr'>jubes</span> 
     </span>
     <span class='ocr_line' id='line_1_31' title="bbox 192 3025 878 3113; baseline 0.015 -30"><span class='ocrx_word' id='word_1_177' title='bbox 192 3027 469 3108; x_wconf 75' lang='lat' dir='ltr'>voluptatibusrlaic</span> <span class='ocrx_word' id='word_1_178' title='bbox 483 3025 512 3087; x_wconf 88' lang='lat' dir='ltr'>se</span> <span class='ocrx_word' id='word_1_179' title='bbox 526 3027 564 3087; x_wconf 86' lang='lat' dir='ltr'>ad</span> <span class='ocrx_word' id='word_1_180' title='bbox 579 3047 614 3088; x_wconf 86' lang='lat' dir='ltr'>ea</span> <span class='ocrx_word' id='word_1_181' title='bbox 629 3045 765 3104; x_wconf 87' lang='lat' dir='ltr'>revocat,</span> <span class='ocrx_word' id='word_1_182' title='bbox 784 3036 878 3113; x_wconf 58' lang='lat' dir='ltr'>equi*</span> 
     </span>
    </p>
   </div>
   <div class='ocr_carea' id='block_1_5' title="bbox 190 3107 915 3276">
    <p class='ocr_par' dir='ltr' id='par_1_5' title="bbox 190 3107 915 3276">
     <span class='ocr_line' id='line_1_32' title="bbox 190 3107 915 3198; baseline 0.014 -31"><span class='ocrx_word' id='word_1_183' title='bbox 190 3107 249 3167; x_wconf 80' lang='lat' dir='ltr'>bus</span> <span class='ocrx_word' id='word_1_184' title='bbox 265 3107 336 3167; x_wconf 89' lang='lat' dir='ltr'>nihil</span> <span class='ocrx_word' id='word_1_185' title='bbox 350 3128 491 3190; x_wconf 85' lang='lat' dir='ltr'>umquam</span> <span class='ocrx_word' id='word_1_186' title='bbox 499 3108 633 3187; x_wconf 74' lang='lat' dir='ltr'>retulerit</span> <span class='ocrx_word' id='word_1_187' title='bbox 648 3110 689 3179; x_wconf 77' lang='lat' dir='ltr'>ad</span> <span class='ocrx_word' id='word_1_188' title='bbox 701 3132 829 3198; x_wconf 54' lang='lat' dir='ltr'>corpusss</span> <span class='ocrx_word' id='word_1_189' title='bbox 842 3129 880 3180; x_wconf 76' lang='lat' dir='ltr'>tu</span> <span class='ocrx_word' id='word_1_190' title='bbox 900 3164 915 3188; x_wconf 63' lang='lat'><strong>⁴</strong></span> 
     </span>
     <span class='ocr_line' id='line_1_33' title="bbox 195 3187 574 3276; baseline 0.008 -25"><span class='ocrx_word' id='word_1_191' title='bbox 195 3202 274 3252; x_wconf 74' lang='lat' dir='ltr'>totus</span> <span class='ocrx_word' id='word_1_192' title='bbox 289 3187 379 3253; x_wconf 76' lang='lat' dir='ltr'>hares</span> <span class='ocrx_word' id='word_1_193' title='bbox 391 3191 421 3253; x_wconf 87' lang='lat' dir='ltr'>in</span> <span class='ocrx_word' id='word_1_194' title='bbox 436 3211 574 3276; x_wconf 56' lang='lat' dir='ltr'>corpore,</span> 
     </span>
    </p>
   </div>
   <div class='ocr_carea' id='block_1_6' title="bbox 0 0 1084 4067">
    <p class='ocr_par' dir='ltr' id='par_1_6' title="bbox 0 0 1084 4067">
     <span class='ocr_line' id='line_1_34' title="bbox 0 0 1084 4067; baseline 0 0"><span class='ocrx_word' id='word_1_195' title='bbox 0 0 1084 4067; x_wconf 95' lang='lat' dir='ltr'> </span> 
     </span>
    </p>
   </div>
  </div>
 </body>
</html>
