2125 4067
264 496 319 566 ’ω’
380 486 495 558 -Ds
536 472 798 558 titurius

262 626 282 661 n
303 603 467 686 incorrupte
483 619 569 685 atque
585 602 697 699 integre
712 599 872 681 judicante.
891 602 947 665 Itn³

264 702 322 762 que
339 702 426 766 negat
445 706 519 766 opus
540 683 597 745 elie
612 699 743 756 ratione,
766 703 864 765 neque
893 685 949 744 dis·

205 792 207 796 ·
263 767 436 844 putatione,
455 785 545 846 quarn
559 765 600 825 ob
617 783 679 823 rem
702 762 839 846 voluptas
856 784 893 825 ex
916 781 950 826 e-

249 844 352 905 ·renda
370 890 380 920 ‚
401 844 556 928 fingierrdus
580 844 668 905 dolor
691 844 747 902 sit:
773 844 876 904 sentiri
893 787 948 906 Kos

263 941 374 1065 Butae,
398 942 432 985 ut
451 925 548 986 calere
564 928 688 1008 ignem,
708 922 810 986 nivem
827 923 885 986 effe
905 924 949 993 ai·

287 1027 352 1075 am,
373 1005 456 1066 dulce
475 1006 560 1066 mel:
577 1025 704 1088 quorum
718 1004 792 1064 nihii
810 1006 950 1086 oportere

265 1088 411 1167 exquisitis
434 1086 592 1146 rationibus
619 1081 791 1146 confirmate
807 1104 820 1143 ε·
837 1087 948 1146 tantitm

264 1165 330 1226 fatis
349 1164 405 1227 effe
425 1167 605 1226 admonere:
627 1163 759 1225 intereffe
777 1166 860 1226 enim
878 1167 949 1227 inter

266 1261 469 1329 argumentum
496 1246 773 1326 conclusionemque
788 1246 919 1306 mirionis
938 1289 950 1317 ,

266 1327 299 1387 dt
312 1330 387 1385 inter
403 1326 593 1386 mediocrem
604 1325 889 1391 animadversionem
906 1324 950 1386 at'·

288 1425 327 1466 ue
346 1406 603 1468 admonitionem:
625 1405 715 1466 alteri
735 1405 851 1465 occulta
912 1426 951 1466 ε·

267 1426 336 1546 dam
366 1488 398 1563 &
427 1489 508 1566 quusi
535 1487 671 1559 involuta,
694 1487 797 1565 aperiri
820 1426 951 1559 {riiij'eri

268 1583 406 1650 prompta
425 1569 457 1627 &
472 1575 574 1649 aperta
591 1565 719 1645 judicari.
745 1564 864 1632 Etenim
880 1588 953 1650 quo·

268 1650 366 1721 nium,
384 1648 516 1708 detradiis
534 1648 570 1707 de
585 1649 704 1714 homine
717 1644 867 1721 sensibus,
886 1644 952 1707 reli·

153 1751 155 1756 ·
268 1730 319 1808 qui
335 1728 405 1787 nihil
422 1726 463 1788 est
476 1749 485 1801 ;
500 1724 612 1788 necesse
628 1726 689 1800 est,
702 1727 772 1807 qu'rd
788 1743 836 1786 aut
852 1727 891 1788 ad
904 1725 956 1788 na«

268 1825 363 1867 turam
383 1826 482 1888 aptum
498 1825 547 1868 aut
559 1826 659 1867 contra
674 1808 730 1881 sit,
748 1828 767 1866 a
780 1826 883 1869 natura
895 1806 953 1889 ipse

268 1887 407 1969 judicati:
422 1908 456 1949 ea
470 1889 540 1970 quid
554 1889 696 1969 percipit,
714 1904 762 1947 aut
781 1888 850 1968 quid
877 1886 958 1966 judi·-

267 1985 337 2043 cat,
361 1990 420 2051 quo
441 1987 489 2029 aut
512 1972 614 2061 petat,
640 1986 688 2027 aut
711 1967 802 2050 fugiat
820 1967 952 2051 aliquid,
988 1993 989 1998 ¹

269 2049 576 2130 praetervoluptatem
597 2050 631 2109 ὅ(
650 2046 813 2109 dolorem?
921 2046 936 2065 ’·

313 2147 362 2208 51.-
384 2127 457 2188 Sunt
475 2146 573 2203 autern
591 2129 708 2212 quidam
728 2149 748 2189 e
762 2127 863 2189 nostris
873 2171 884 2198 ,
903 2128 954 2213 qtii

269 2208 332 2270 ltaee
354 2209 479 2269 subtifiits
502 2211 595 2272 ielin't
610 2211 763 2283 tradere,
787 2208 954 2290 &negent

268 2289 334 2350 satis
353 2287 430 2364 effe,
449 2291 517 2372 quid
534 2293 645 2353 bonum
663 2293 720 2364 sit,
734 2305 782 2349 eut
799 2288 868 2370 quid
889 2292 955 2349 mrr'·

269 2370 353 2441 lum,
370 2370 450 2431 sensu
465 2370 586 2449 judicati
604 2393 613 2444 ;
633 2371 682 2432 sed
700 2374 797 2429 animo
814 2372 902 2429 etiam
922 2390 955 2429 ac

269 2451 382 2508 ratione
401 2451 490 2509 intell‘
512 2455 520 2509 i
536 2450 636 2531 poste,
654 2452 687 2511 &
703 2451 773 2509 volu
795 2449 887 2519 tatem
908 2450 957 2537 ip·

269 2527 328 2588 sam
348 2548 401 2608 per
413 2527 444 2611 sq
459 2471 515 2602 eilge
528 2531 744 2610 expetendam,
820 2530 969 2590 dolorem⁴

269 2608 361 2688 ipsum
382 2608 478 2688 perse
495 2609 552 2670 eise
564 2611 750 2693 fugiendum:
766 2614 863 2692 itaque
875 2611 955 2670 aiunt

271 2689 345 2749 hane
361 2692 440 2769 quasi
457 2692 616 2752 naturalem
632 2708 718 2772 atque
729 2690 957 2751 insitami'rrurii·

269 2772 326 2831 mis
348 2767 449 2830 nostris
466 2769 554 2831 inesse
579 2774 733 2832 notionem
750 2816 760 2844 ‚
777 2787 816 2830 ut
831 2771 956 2830 ilteru'tn

270 2849 332 2911 eise
354 2848 580 2931 appetendum,
602 2852 724 2914 alterum
746 2849 960 2932 aspernandum

268 2929 432 2992 sentiamus.
461 2929 521 2992 Alii
549 2950 645 2995 autem
668 2931 801 3016 (quibus
824 2953 840 2991 e
863 2953 881 2991 o
907 2953 957 2990 as·-

269 3008 376 3076 sentior
390 3010 405 3096 )
428 3034 517 3098 quum
530 3036 546 3075 a
558 3013 738 3098 philosophis
758 2953 960 3096 compiuribus

118 3434 292 3580 Λ
