2125 4067
310 537 466 607 Lracn
501 552 743 623 oraturus,
793 540 864 629 561

185 646 267 735 quod
286 647 436 710 honestum
455 672 509 710 nos
532 651 564 710 &
583 650 725 713 laudabile
744 646 800 712 else
822 651 871 711 di-

185 731 297 803 cimus,
314 730 343 789 id
361 729 401 790 illi
412 729 515 790 callum
528 730 664 812 quiddam
679 732 711 793 &
730 731 806 793 inani
818 753 872 794 vo·

185 810 225 868 cis
250 807 322 870 sono
347 810 515 874 decoratum
539 808 595 870 elle
618 810 713 871 dicant
734 832 744 883 ;
769 829 870 877 tamen

184 885 243 973 sem
268 911 298 950 er
321 890 439 953 beatum
464 888 581 951 censent
600 888 656 952 effe
678 889 868 971 sapientem:

207 911 264 1030 uid
273 971 391 1032 tandem
411 994 428 1032 a
445 969 565 1033 Socrate
585 971 617 1030 δι
634 971 754 1032 Platone
771 972 872 1052 profe-

185 991 237 1109 llis
251 1050 427 1134 philosophis
443 1051 606 1114 faciendum
623 1051 728 1133 putes?
746 1072 870 1131 quorum

185 1128 233 1190 alii
248 1146 357 1192 tantam
374 1132 563 1214 praestantiam
574 1133 699 1201 inbonis
711 1134 798 1191 animi
811 1131 869 1194 elle

186 1209 306 1286 dicunt,
320 1231 351 1273 ut
368 1213 404 1275 ab
417 1215 460 1275 his
477 1214 608 1297 corporis
627 1213 660 1275 dt
677 1229 795 1274 externa
814 1213 871 1275 ob·

185 1282 341 1353 lcurenrur.
539 1316 541 1322 ·

231 1390 297 1432 120.
318 1373 379 1434 Alii
399 1389 495 1435 autem
512 1373 573 1434 haec
596 1392 634 1434 ne
650 1373 728 1433 bona
750 1371 869 1455 quidem

187 1451 314 1514 ducunt:
332 1455 361 1513 in
380 1457 478 1514 animo
499 1471 643 1535 reponunt
659 1455 766 1514 omnia.
782 1453 871 1531 Quo·

186 1555 250 1594 rum
267 1537 493 1595 controversiam
518 1534 628 1595 solebat
647 1552 705 1593 rant
728 1555 791 1592 uam
814 1532 870 1592 ho·

186 1617 315 1674 notarius
332 1615 437 1674 arbiter
453 1613 580 1690 judicare
596 1555 772 1674 Carneades.
792 1613 871 1674 Nam

186 1713 306 1774 quum,
332 1715 521 1775 quacumque
547 1697 624 1754 bona
647 1693 871 1775 Peripateticis,

188 1774 292 1835 eadem
313 1771 416 1834 Stoicis
433 1775 590 1836 commoda
609 1775 796 1835 viderentur:
818 1794 873 1834 ne·

187 1874 245 1936 que
264 1872 361 1915 tamen
378 1852 561 1936 Peripatetici
578 1854 641 1935 plus
655 1855 812 1915 tribuerent
829 1855 873 1914 di·

187 1937 284 2009 vitiis,
297 1935 381 1996 bonae
399 1936 578 2003 valetudini,
599 1938 700 1994 ceteris
717 1936 801 1995 rebus
815 1953 870 2015 ge·

188 2017 264 2076 neris
282 2015 431 2093 ejusdem,
469 2015 534 2074 uirm
553 2011 642 2074 Stoici
654 2035 757 2095 :quum
772 2034 871 2087 care,

188 2117 249 2156 non
269 2096 365 2156 verbis
385 2036 616 2176 ponderarenrur
639 2116 648 2167 3
676 2094 786 2153 causam
813 2091 873 2154 esse

189 2176 345 2236 dissidendi
374 2176 508 2256 negabat.
537 2172 639 2253 Quare
667 2174 742 2234 hunc
769 2174 871 2233 locum

190 2277 351 2319 ceterarum
366 2256 576 2335 disciplinarum
591 2254 754 2334 philosophi
768 2274 871 2335 quem-

189 2338 349 2399 admodum
376 2338 510 2398 obtinere
534 2338 675 2416 possint,
705 2338 758 2415 ipsi
784 2333 869 2392 vide·

189 2421 266 2477 rint:
292 2418 361 2478 mihi
379 2435 477 2478 tamen
498 2435 610 2497 gratum
637 2415 703 2487 est,
729 2414 807 2494 quod
832 2412 872 2474 de

189 2498 359 2579 sapientium
386 2514 524 2579 perpetua
543 2499 619 2556 berre
637 2493 886 2556 vivendi.facul·.

190 2597 250 2640 tate
269 2580 389 2656 dignum
406 2578 542 2661 quiddam
562 2577 802 2659 philosophorum
817 2594 874 2635 vo·

190 2680 224 2721 ce
243 2657 427 2741 profitentur.

234 2758 301 2803 121.
322 2739 382 2801 Sed
399 2738 535 2820 quoniam
551 2736 636 2797 mane
655 2733 695 2794 est
716 2735 841 2794 eundum
860 2744 873 2804 ,’

190 2819 241 2881 has
259 2823 383 2902 quinque
404 2820 514 2880 dierum
534 2817 579 2876 dis
595 2820 738 2875 orationes
757 2835 872 2874 merno-

190 2902 231 2962 rit
250 2901 539 2982 comprehendamus.
559 2839 703 2977 Elpu‘rdem
721 2916 770 2955 me
786 2898 874 2955 etiarn

189 2981 297 3042 conseri
321 3000 415 3042 turum
433 2982 555 3040 arbitror
575 2999 584 3037 t
603 2977 653 3036 ubi
670 2978 747 3045 enim
772 2974 876 3033 melihs

189 3064 231 3124 uti
249 3004 394 3146 pollemus
413 3061 493 3138 hoc,
508 3054 764 3200 ctaicuimodiAest,
788 3053 871 3145 oriol

716 3159 733 3199 8
751 3158 773 3201 V

856 3406 977 3589 Ι,
