2125 4067
139 405 191 461 aa
287 380 367 456 'Du
410 403 658 459 rruruvr

153 510 157 518 '
183 497 230 562 16.
252 499 315 562 Nisi
330 502 400 562 mihi
409 501 724 586 Phaedrum,inquam,
738 515 824 566 metti

137 582 224 643 ritum
236 600 283 643 aut
296 583 452 645 Zenonem>
461 599 545 664 putas
556 581 569 664 (
581 605 705 664 quorum
715 604 823 646 utrum·

136 682 198 743 que
220 663 334 738 audivi,
353 685 442 745 quum
458 663 527 723 mihi
551 665 621 724 nihil
636 665 701 724 sane
716 683 822 746 praeter

136 742 317 804 sedulitatem
334 742 637 826 probarent)ornrtes
656 746 726 806 mihi
748 745 824 827 Epi·

138 827 201 885 ‘euri
218 823 363 885 sententiae
378 825 442 886 satis
453 843 532 886 notar
549 823 632 885 sunt:
645 844 675 886 at
715 846 732 887 e
749 847 821 902 eos,

137 923 215 986 quos
234 906 409 980 nominavi,
428 926 494 966 cum
513 905 616 966 Attico
641 928 681 967 no
720 927 739 966 o
761 906 823 969 fre·

161 1001 262 1047 uenter
279 988 396 1060 audivi,
416 990 505 1068 quum
523 989 672 1047 miraretur
687 987 736 1048 ille
754 990 823 1068 qui-

138 1006 410 1149 iemutrumque,
436 1065 588 1126 Plraedrum
609 1085 708 1128 autem
733 1072 822 1129 etiam

136 1166 273 1211 amaret:
296 1147 483 1228 quotidieque
503 1149 578 1206 inter
598 1168 661 1208 nos·
671 1168 706 1208 ea
725 1193 735 1221 ,
757 1170 822 1229 quae

117 1228 353 1298 audiebamus,
370 1225 618 1287 conferebamus:
642 1247 738 1309 neque
759 1247 821 1290 erat

137 1329 276 1389 umquam
300 1310 520 1382 controversia,
543 1307 619 1390 quid'
633 1329 689 1390 ego
711 1311 822 1371 intelli-

138 1408 261 1470 gerem,
280 1386 329 1448 sed
343 1388 591 1470 quid·probarem.

166 1467 249 1529 vl..
267 1466 350 1547 Quid
375 1471 458 1550 igitur
482 1469 547 1543 est,
573 1470 690 1550 inquit?
721 1470 823 1533 audire

139 1551 218 1612 enim
238 1552 344 1629 cupio,
362 1551 432 1631 quid
450 1573 511 1611 nort
527 1551 645 1630 probes.
656 1548 821 1633 Principio,

136 1633 283 1711 iuquam„
293 1633 322 1690 in
337 1631 484 1713 physicis,
500 1631 603 1713 quibus
617 1633 740 1691 maxime
757 1633 822 1714 glo·

137 1712 227 1773 riatur
237 1755 256 1782 ,
267 1714 393 1800 primum
408 1729 491 1772 torua
505 1710 546 1772 est
562 1711 680 1772 alienus.
703 1711 822 1773 Demo·

126 1795 212 1852 ‘crito
227 1791 325 1870 adjicit
344 1813 488 1873 perpauca
503 1808 637 1864 mutans,
649 1791 700 1854 sed
713 1796 772 1867 ita,
788 1810 821 1853 ut

139 1893 195 1946 ea,
213 1893 276 1953 quae
289 1876 434 1956 corrigere
450 1873 531 1946 vult,
550 1873 625 1932 milti-
632 1874 751 1955 quidem
766 1873 822 1936 de·

138 1974 260 2035 pravare
279 1954 424 2014 videatur.
444 1953 498 2014 Ille
514 1970 655 2027 atomos,
678 1976 748 2034 quas
767 1977 821 2036 ap-

138 2032 252 2116 pellat,
273 2034 302 2092 id
323 2031 389 2106 est,
409 2054 533 2114 corpora
553 2035 702 2095 individua
721 2079 731 2107 ,
749 2055 822 2113 pro·

137 2132 209 2212 pter,
221 2113 413 2188 soliditatem,
432 2113 528 2175 censet
546 2114 583 2174 itt
592 2113 704 2174 infinito
723 2117 799 2174 inani
809 2161 829 2190 ,.

137 2205 245 2277 utiquo
262 2195 401 2256 nihilrnee
420 2192 583 2267 summum,
600 2215 654 2256 trec
671 2193 820 2271 infimum,

136 2295 196 2337 mee
213 2276 342 2337 medium
359 2322 368 2349 ,
388 2295 442 2337 nec
463 2277 596 2336 ultimum
617 2295 672 2334 noc
692 2277 821 2338 citimum

138 2357 176 2416 sit
194 2361 208 2426 ,'
223 2357 262 2414 ita
281 2353 348 2414 forti
365 2400 383 2428 ‚.
394 2355 678 2418 utcuncuruiouibus
698 2357 773 2416 inter
790 2356 821 2418 se

81 2454 84 2460 '
137 2434 333 2498 aohaeoescant
345 2455 359 2508 a
372 2456 410 2496 ex·
426 2457 486 2516 quo
508 2433 666 2496 efficiantur
683 2454 736 2509 ea,
757 2457 821 2516 quaa

138 2519 215 2588 rint,
230 2536 350 2596 quaeque
364 2534 536 2587 cernantur,
557 2516 672 2575 omnia:
692 2535 820 2596 eumque
896 2519 902 2529 '

139 2613 255 2659 motum
276 2614 442 2656 atomorum
458 2596 572 2655 nulloa
591 2597 749 2676 principio,
769 2594 821 2655 seo

139 2700 180 2741 eu-
195 2693 302 2738 aeterno
321 2694 455 2756 tempore
470 2676 601 2756 intelligi
610 2678 778 2736 convenire.

144 2804 147 2808 a
184 2757 238 2821 18.⁴¹
251 2756 389 2839 Epicurus
404 2773 520 2829 autern,
537 2755 823 2836 iuquiuusrsequitur

137 2837 342 2899 Democritum
358 2882 374 2912 ,.
389 2857 455 2897 non.
475 2836 536 2899 fere
559 2836 663 2896 labitur
680 2859 690 2896 r
714 2849 820 2918 quam·-

136 2939 233 3005 fluam.
245 2919 388 3004 utriusque
410 2938 499 3005 quum
517 2918 607 2982 muita
625 2937 686 2980 uon
702 2916 830 3000 probo,
