2125 4067
256 495 408 568 Lim
448 510 677 568 tnnrttts.
737 515 813 594 433

130 608 298 693 ledumque
328 612 369 673 est
399 613 470 673 nihil
496 609 599 692 profici
627 611 816 688 moerendo,

133 712 234 753 nonne
255 714 301 753 res
320 693 447 753 declarat
465 691 546 753 fuiffe
561 708 657 753 totum
673 691 744 752 iilud
758 712 818 754 vo·

129 771 316 833 eumanum?

125 857 136 891 ·'
177 852 229 932 65.
252 850 337 930 Quid
353 852 401 912 ille
419 850 612 912 Terentianus
629 849 689 931 ipse
704 849 738 912 i'e
755 872 817 934 pn·⁴

130 932 240 1005 niem,
252 934 282 991 id
296 929 337 992 est
348 935 441 992 decrit
453 929 657 1008 πμνρῦμιιθιις

130 1052 245 1103 'Decrevi
262 1049 380 1121 tantisper
390 1072 426 1106 me
436 1052 510 1105 mimis
520 1053 610 1119 injuriet
620 1086 631 1109 ,

137 1145 258 1204 Chremes,
270 1163 320 1195 meo
329 1161 403 1214 gnato
408 1144 492 1212 fictore
500 1155 512 1202 ,’
521 1144 638 1214 dumfiam
648 1142 725 1212 mij'en

133 1230 194 1292 Hic
215 1232 365 1308 decernit,
382 1254 414 1296 ut
432 1235 517 1297 miser
530 1238 583 1297 sit:
603 1257 674 1296 num
689 1239 753 1319 quis
770 1237 823 1320 igi-

131 1327 183 1381 ¹tur
201 1314 357 1395 quidquam
375 1316 506 1378 decernit
517 1316 650 1378 invitus?

132 1413 210 1467 Malo
223 1417 311 1484 quidem
321 1435 357 1467 me
367 1419 448 1484 quovis
458 1420 550 1488 dignum
560 1421 679 1487 deputem.
690 1456 698 1472 .
708 1455 719 1475 .

135 1505 215 1567 malo
236 1504 265 1566 se
285 1505 403 1587 dignum
424 1505 562 1587 deputat,
582 1510 637 1567 nisi
655 1507 740 1568 miser
759 1510 820 1570 site
885 1512 888 1517 ’

132 1586 222 1647 vides
248 1605 279 1646 er
301 1606 320 1644 e
345 1586 489 1666 opinionis
518 1585 599 1663 esse,
624 1609 685 1649 non
709 1604 818 1651 natutoe

130 1666 258 1726 malum.
278 1605 387 1744 Quid,
406 1686 479 1746 quos
496 1685 540 1728 tes
558 1666 617 1748 ipsa
634 1670 732 1751 lugete
748 1690 820 1750 pro·

131 1745 247 1807 hibet?
274 1763 306 1807 ut
335 1745 412 1826 apud
445 1745 608 1808 Homerum
638 1749 817 1888 ?uotidianae

135 1845 246 1900 neces,
259 1825 439 1906 interintsque
451 1826 626 1901 multotum,
650 1829 819 1890 edationem

130 1907 281 1967 moerendi
300 1905 435 1968 affentntt
449 1908 525 1988 apud
543 1928 631 1991 quem
646 1912 686 1968 ita
697 1910 817 1969 dicitur:

136 2012 244 2078 Namque
254 2010 321 2060 nimis
330 2010 415 2060 multos
424 2026 492 2077 atque
499 2012 565 2060 omni
573 2011 628 2060 Ince
638 2013 746 2064 cadentes

138 2104 276 2161 caminum
293 2117 318 2150 ut
328 2119 394 2152 nemo
406 2103 482 2170 possit
492 2121 587 2154 murore
595 2120 690 2153 vacare.

139 2199 196 2272 Qud
205 2196 278 2266 magis
288 2195 320 2260 est
325 2212 414 2260 equum
424 2194 517 2245 tumulis
527 2197 637 2244 mandare
644 2209 778 2262 peremptos

137 2292 216 2345 Ft'mo
227 2290 323 2347 animo,
336 2289 358 2338 I)
369 2287 451 2337 lut'Ium
462 2286 571 2354 lacrymis
577 2285 648 2356 finire
659 2285 757 2334 diurnis.

161 2366 229 2441 '66.
249 2376 328 2459 Ergo
346 2378 376 2436 in
397 2372 541 2457 potestate
561 2372 602 2435 est
618 2373 743 2453 abjicere
763 2374 822 2439 doc

136 2460 256 2537 lotem,
295 2478 363 2518 uum
382 2456 476 2530 velis,
489 2457 615 2537 tempori
633 2455 820 2521 servientem.

136 2543 187 2603 An
205 2538 246 2601 est
266 2481 354 2599 dnm
376 2553 490 2618 tempus
509 2535 522 2619 (
539 2541 675 2677 Ἡιοηίειῃ
698 2539 819 2620 quidem

136 2639 184 2682 tes
206 2623 235 2679 in
255 2618 350 2679 nostra
368 2619 508 2698 potestate
527 2639 546 2678 e
580 2618 599 2700 )
618 2622 664 2679 cui
677 2642 740 2680 non
761 2642 819 2700 po·

132 2701 244 2762 nendae
265 2719 340 2757 cutte
361 2699 392 2755 δι
414 2700 586 2777 aegtitudinis
605 2701 689 2759 causi
707 2699 820 2760 servia-

134 2801 203 2844 mus
221 2779 232 2838 i
250 2775 428 2849 Constabat,
445 2796 518 2849 eos,
541 2782 594 2858 ,qui
613 2780 820 2839 concidentem

133 2859 307 2921 vulneribus
317 2853 374 2915 Cn.
385 2854 556 2935 Pompeium
567 2857 718 2930 vidissent,
731 2879 820 2941 quum

134 2944 168 3003 in
186 2939 236 2999 illo
256 2936 315 3018 ipso
329 2936 513 3000 acerbissimo
526 2938 742 3022 miserrimoque
755 2943 822 3024 spe·

132 3020 252 3085 &oculo
271 3019 324 3080 sibi
339 3017 494 3098 timerent,
512 3022 594 3106 quod
608 3019 638 3084 se
653 3022 738 3086 classe
753 3025 822 3097 Itot·¹

182 3109 283 3169 Tomus
303 3097 405 3168 VIII.
692 3103 722 3168 T
