2125 4067
240 490 394 558 Lim
428 503 711 558 servanus,
754 503 829 562 rrr·

87 630 98 639 ·
141 601 229 665 ficere
244 603 332 664 vultis
343 603 460 665 beatum
472 600 649 683 sapientem,
662 622 752 682 quum
764 623 833 661 rna·

139 687 231 744 ximas
253 687 351 745 animo
368 684 536 763 voluptates
549 684 709 764 percipiat,
732 685 831 743 omni·
941 732 949 747 .

139 763 252 843 busque
276 765 406 844 partibus
428 759 556 840 majores
575 762 662 842 quam
681 783 832 843 corpore,

139 843 214 923 quid
240 860 373 902 occurrat
399 863 460 903 non
482 843 615 902 rideris:
641 844 727 902 animi
749 845 832 904 enim

143 922 407 1011 quoquevdolores
427 923 568 1002 percipiet
586 924 719 983 omnibus
737 926 829 1003 parri·

141 1001 197 1062 bus
220 1022 368 1080 marores,
380 1001 469 1082 quam
483 1003 632 1081 corporis:
649 1005 687 1062 ira
701 1002 783 1063 miser
792 1006 830 1064 sit

138 1083 300 1163 aliquando
322 1079 438 1142 neceffe
457 1079 568 1153 estis,
586 1100 673 1160 quem
684 1103 742 1141 vos
760 1083 831 1144 bea·

138 1179 203 1224 rum
220 1162 335 1244 semper
347 1163 436 1223 mltis
449 1160 525 1222 effe:
541 1180 599 1221 rrec
615 1161 687 1222 verb
702 1160 749 1232 id,
761 1163 833 1223 dum

139 1245 239 1305 omnia
256 1246 294 1305 ad
310 1244 495 1324 voluptatem
511 1241 710 1323 doloremque
722 1240 836 1308 refereq

138 1327 197 1399 ris,
213 1323 344 1387 efficietis
359 1343 507 1405 umquam.

186 1423 253 1482 109.
277 1405 378 1485 Quare
399 1404 475 1466 alind
497 1401 636 1486 aliquid,
654 1401 832 1484 Torquate,¹

141 1483 270 1545 hominis
305 1484 445 1547 summurn
477 1484 592 1544 honum
623 1485 832 1565 reperiendum

141 1563 204 1626 est:
223 1564 291 1625 volu
314 1583 404 1627 tarem
421 1563 516 1627 bestiis
528 1565 745 1638 concedamus;
763 1567 830 1646 qui·

138 1645 195 1704 bus
211 1667 267 1706 vos
284 1586 446 1707 rsesumnro
460 1647 542 1707 bono
553 1644 672 1708 restibus
689 1648 730 1707 nri
746 1642 829 1707 sole·

137 1727 185 1787 ris.
206 1725 311 1806 Quid,
329 1729 352 1787 si
373 1730 461 1788 eriam
478 1724 575 1789 bestia
588 1728 684 1789 multa
696 1726 805 1788 faciunt
816 1772 831 1800 ,

138 1805 213 1870 duce
230 1807 278 1868 sua
288 1829 413 1890 quaeque
426 1807 544 1881 natura,
555 1811 660 1890 panim
675 1807 829 1891 indulgen·

137 1903 203 1962 ter,
222 1889 272 1951 vel
287 1910 354 1951 cum
372 1889 497 1963 labore;
513 1905 547 1948 ur
561 1892 592 1949 in
607 1889 776 1971 gignendo,
796 1891 829 1948 in

137 1968 290 2031 educando
311 1969 451 2050 perfacile
469 1986 629 2050 appareat,
642 1968 720 2028 aliud
739 1968 829 2044 qnid·

135 2049 207 2108 dam
231 2052 265 2111 iis
289 2053 505 2132 propositum,
530 2069 592 2108 non
617 2046 829 2129 voluptatem?

135 2132 242 2208 partim
268 2129 346 2190 cursu
367 2131 399 2191 δι
421 2131 655 2211 peregrinatione
673 2129 831 2189 laetanmr:

137 2213 369 2291 congregatione
387 2210 449 2270 aliae
466 2227 575 2269 coetum
593 2209 720 2290 quodam
733 2208 831 2269 modo

136 2291 266 2349 civitatis
284 2290 438 2350 imitantur.

185 2387 252 2430 110.
287 2365 432 2429 Videmus
458 2369 488 2429 in
513 2367 644 2449 quodam
666 2369 831 2431 volucrium

136 2469 247 2532 genere
262 2448 403 2512 nonnulla
416 2449 522 2510 indicia
537 2451 670 2531 pietatis,
686 2454 829 2534 cognitio·
866 2504 869 2509 .

137 2550 228 2605 nem,
250 2533 443 2592 memoriam:
461 2532 492 2591 in
511 2531 608 2591 multis
628 2535 715 2593 eriam
738 2532 827 2593 disci·-

158 2610 256 2671 linam.
279 2610 359 2694 Ergo
373 2614 404 2672 in
417 2610 512 2674 bestiis
523 2630 609 2673 erunt
622 2611 729 2673 secreta
741 2636 757 2672 a
771 2635 829 2674 vo·

133 2630 247 2770 iirptate
279 2691 470 2754 humanarum
505 2693 640 2773 quadarn
673 2694 830 2752 simulacra

134 2774 275 2831 virtutum
291 2793 301 2844 3
322 2774 355 2829 in
370 2774 436 2851 ipsis
454 2773 626 2833 horninibus
638 2775 728 2833 virtus
741 2816 754 2843 ‚
773 2774 833 2831 nisi
864 2800 869 2809 ·

136 2849 299 2928 voluptaris
317 2852 427 2922 causa,
444 2852 522 2910 nulla
541 2855 596 2912 erit
612 2852 623 2910 ἓ
642 2853 675 2912 &
692 2852 829 2925 homini,

136 2930 189 3012 qui
200 2930 303 2989 cereris
321 2929 510 2988 animantibus
523 2931 679 3009 plurimirm
716 2929 827 3006 raestat,

133 3011 275 3155 praecgpui
294 3033 312 3072 a
333 3024 435 3072 natura
454 3008 526 3072 nihil
543 3007 645 3072 datm
739 3011 825 3085 dice·⁴
864 3029 866 3033 ’

87 3127 92 3133 ’
136 3113 202 3155 mur
390 3146 394 3151 .
553 3118 556 3155 ,·
746 3132 749 3139 ·
819 3117 821 3120 ·
