2125 4067
267 506 345 583 '260
418 504 499 575 Ds
536 506 817 575 νικητη-

266 622 398 691 derent;
421 633 549 699 quonam
573 616 680 700 gaudio
703 619 922 697 complerentur
933 630 947 691 ῃ·

263 720 354 842 puum
376 716 531 838 taptopere
547 696 608 778 ejus
623 696 795 758 adumbrata
813 700 948 781 opinion!

277 797 397 840 aetentur

209 875 213 881 ’
302 877 354 937 70.
370 858 472 939 Quem
485 856 562 915 enim
582 856 713 918 deditum
725 852 947 939 'voluptatibutj

263 941 452 1021 cupiditatum
463 936 851 1013 incendiisinflammatum,
870 941 898 999 in
917 942 946 1000 iis

262 1020 434 1102 potiendis,
457 1036 521 1099 quae
541 1017 678 1077 acerrime
707 1016 915 1099 concupivisset
936 1054 946 1093 5

264 1100 347 1159 tanti
366 1098 464 1159 laetitil
483 1094 620 1177 perfundi
638 1096 830 1171 arbitramur,
846 1100 946 1179 quanti

265 1197 315 1240 eut
325 1179 501 1260 superiorem
513 1175 685 1237 Africanum
695 1175 846 1238 Annibale
855 1178 945 1251 vislo;¹

264 1276 313 1319 aut
326 1257 516 1340 posteriorem
529 1252 708 1395 §amhapine
720 1257 847 1353 eversas
865 1270 946 1340 quenl

265 1336 405 1399 Tiberina
429 1336 587 1411 decursio,
607 1335 636 1397 se
661 1356 680 1395 o
701 1332 755 1397 rllo
776 1336 946 1413 d1e3tanto

263 1418 371 1500 gaudio
390 1414 506 1490 affecit,
524 1432 633 1498 quanto
652 1414 686 1475 L.
707 1414 850 1492 Paulum,
864 1430 945 1499 quutu'

264 1495 619 1638 iiffiffiell'llirl'sium
638 1495 824 1575 “Hm‘'
844 1498 946 1561 Μ

266 1688 269 1695 -
304 1676 355 1733 7¹·
385 1656 453 1750 Agl
477 1676 579 1729 nunc,
599 1654 670 1715 Luci
697 1614 822 1731 noster,
841 1656 946 1721 cxslrm

263 1740 364 1797 animo
382 1733 563 1797 alntudinem
579 1734 843 1817 excellentiamque
859 1742 947 1806 virnq

263 1830 327 1875 tum
339 1838 346 1875 :
358 1815 418 1896 jam
430 1834 491 1875 non
503 1814 645 1875 dubitabis
655 1858 666 1887 ,
676 1817 745 1895 quin
758 1835 860 1877 earum
874 1829 947 1880 conl·

264 1912 352 1977 potes
369 1897 526 1967 honines,
554 1914 661 1977 magno
679 1896 778 1957 animo
794 1896 946 1981 eremoque

263 1978 421 2050 viventes,
443 1974 557 2056 semper
577 1976 634 2035 sint
655 1974 754 2036 beatis
774 1979 825 2059 qui
848 1996 946 2039 omnes

264 2073 363 2118 motus
390 2055 515 2117 sortunae
540 2053 771 2136 mutationesque
798 2076 896 2117 rerum
915 2056 946 2119 δι

264 2151 433 2216 temporum
451 2137 534 2196 leves
551 2135 583 2194 &
604 2135 764 2195 imbecilles
780 2134 847 2197 sore
864 2138 946 2199 intel·

263 2218 284 2277 li
306 2233 375 2288 ant,
394 2219 417 2275 si
436 2215 465 2275 in
487 2215 598 2276 virtutis
617 2232 766 2277 certamen
783 2218 945 2278 venerint:

262 2237 311 2358 illa
331 2300 429 2370 enim,
448 2293 588 2377 quaesunt
606 2317 623 2355 a
640 2297 725 2356 nobis
739 2297 820 2357 bona
838 2314 946 2379 corpo-¹

263 2378 302 2436 ris
321 2394 491 2450 numerata,
512 2376 662 2454 complent
686 2394 722 2436 ea
739 2376 857 2458 quidem
875 2378 946 2437 ben·

263 2455 403 2513 tissimum
417 2457 527 2525 vitam,
541 2454 589 2514 sed
602 2458 660 2529 ita,
672 2472 704 2515 ut
715 2457 777 2517 sine
789 2456 841 2515 illis
855 2459 945 2537 possit

262 2532 348 2592 beata
368 2536 429 2592 vita
450 2531 608 2593 exsistere:
634 2537 673 2593 ita
695 2539 774 2596 enim
792 2556 889 2617 parvae
911 2536 944 2597 &

262 2613 371 2693 exigue
395 2611 458 2671 sunt
485 2609 543 2670 islae
569 2618 749 2676 accessiones
775 2616 942 2691 bonorum,

261 2710 315 2766 ut,
333 2691 582 2831 puemadmodum
603 2693 690 2755 stellae
707 2698 737 2755 in
757 2696 841 2765 radio
856 2695 943 2771 solis,

263 2776 303 2833 sic
324 2774 333 2830 i
357 2794 380 2831 ae
394 2775 424 2832 in
441 2774 578 2834 virtutum
599 2773 753 2855 splendore
769 2796 808 2839 ne
823 2796 945 2843 ceruan-¹

265 2870 313 2914 tur
331 2853 459 2935 quidem.

303 2954 353 3011 72.
372 2934 471 3017 Atque
486 2935 545 2995 hoc
563 2950 596 2995 ut
618 2935 689 2995 vere
710 2935 838 3011 dicitur,
856 2954 944 3018 pam

261 3013 321 3078 esse
330 3015 461 3091 adbeate
474 3016 635 3083 vivendum
643 3032 796 3084 momenta
813 3019 946 3089 iila-coo:
