2125 4067
108 534 190 616 400
236 507 662 588 szctturrrnvnr

108 633 249 714 quidem,
267 630 317 692 sed
330 649 432 711 parum
447 624 549 687 valent
567 626 684 688 verbo:
704 642 786 707 quem

108 734 164 775 nos
190 711 347 784 furorem,
373 708 564 786 μελαγχολίαν
590 707 632 766 iili
657 725 786 778 vocant;

131 796 191 855 uati
202 792 278 853 vero
295 791 357 850 and
375 788 426 847 biii
442 786 536 847 solnm
556 806 661 860 mens,
681 806 787 848 aenon

108 813 146 934 dae
170 891 188 932 e
205 873 254 932 vri
267 868 412 931 naeundid
430 867 585 948 graviore,-
601 867 652 928 vel
671 870 788 940 timore,

108 894 166 1014 ved
178 951 283 1013 dolore
304 965 475 1010 moveatur:
516 965 557 1006 uo
572 966 684 1029 genere
706 945 789 1007 Atha·

109 1024 259 1104 mantem,
271 1032 489 1100 Alcmaeonem,
530 1023 646 1105 jacem,
662 1023 790 1088 Orestem

113 1110 212 1175 furere
227 1110 358 1172 dicimus.
383 1107 448 1187 Qui
461 1108 501 1166 ita
516 1109 553 1167 sit
573 1105 692 1168 affedius
708 1127 790 1182 ,eum

114 1193 270 1253 dominam
282 1186 347 1253 'esse
366 1206 461 1249 rerum
476 1185 590 1248 suarum
605 1205 709 1249 vetant
727 1187 791 1248 duo·

114 1272 214 1333 decim
233 1271 356 1332 tabulae:
375 1270 472 1351 itaque
492 1287 553 1328 non
575 1266 792 1349 discriptum,

118 1369 149 1413 sa
172 1369 335 1424 ansanus,
355 1349 405 1409 sed
423 1365 453 1409 st
470 1364 642 1409 ruinosus
661 1366 734 1409 assa
749 1365 793 1408 nt·

118 1448 224 1493 creir.
241 1428 381 1490 Insaniam
398 1429 477 1489 enirn
496 1427 670 1489 censuerunt
682 1426 739 1491 ede
755 1428 794 1487 in·

116 1510 307 1572 constantiam
316 1511 420 1570 mentis
429 1506 795 1590 sanitaievacantemtpos·

116 1611 151 1653 se
173 1609 270 1653 tamen
291 1591 365 1652 tueri
375 1589 609 1651 mediocritatem
622 1588 800 1663 officiorum,

85 1734 88 1739 ,
119 1672 154 1732 &
171 1674 237 1731 vitae
255 1688 443 1731 communem
467 1669 578 1730 cultum
601 1686 691 1751 atque
715 1672 798 1731 usita-

117 1765 200 1810 tum:
222 1749 351 1811 furorem
364 1768 460 1810 antem
477 1747 535 1810 esse
553 1751 607 1811 rati
627 1749 799 1811 suntmentir

119 1830 160 1889 ad
179 1833 279 1891 omnia
301 1832 459 1890 caecitatem
477 1849 485 1888 ι
502 1830 582 1909 quod
599 1852 693 1912 quum
716 1828 802 1910 majus

120 1908 180 1971 effe
200 1910 334 1972 videatur
355 1909 442 1991 quin
461 1908 589 1984 insania,
608 1928 711 1973 tamen
727 1911 802 1988 ejus-

122 1992 206 2053 modi
226 1989 266 2069 est
286 2035 296 2064 ‚
318 2007 350 2051 ut
369 1989 450 2050 furor
467 1991 501 2047 in
518 1988 683 2071 sapientem
704 1992 803 2052 cadere

122 2073 238 2154 possit,
259 2091 320 2131 non
339 2073 431 2150 possit
449 2072 562 2131 insania.
586 2070 648 2132 Sed
668 2073 730 2133 haec
753 2071 806 2132 alia

119 2151 243 2233 quaestio
269 2149 337 2212 est:
363 2171 417 2211 nos
441 2150 477 2210 ad
498 2155 688 2232 propositum
709 2173 805 2218 revet-¹

125 2247 229 2293 tamur.
338 2230 342 2237 ’
412 2278 420 2283 -

166 2310 227 2372 Vl.
242 2310 374 2384 Cadere,
386 2312 547 2451 opinor,in
557 2312 584 2373 sa
606 2316 719 2376 ientem
729 2313 807 2398 egri·

124 2392 256 2452 tudinem
273 2395 325 2451 tibi
344 2394 400 2452 dixi
425 2396 434 2451 i
450 2393 550 2453 videri
573 2335 612 2454 Χ.
633 2388 671 2456 Et
684 2397 757 2456 verb
769 2397 809 2455 ita

124 2471 267 2530 existimo.
280 2471 325 2530 M.
344 2472 509 2532 Humanum
526 2474 558 2532 id
576 2476 713 2556 quidem,
726 2473 809 2557 quod

126 2550 167 2608 ita
184 2550 338 2609 existimas:
353 2573 413 2610 non
430 2556 509 2614 enirn
519 2555 597 2616 silice
616 2558 670 2616 nati
687 2554 806 2616 sumus:

123 2626 176 2688 sed
187 2627 226 2689 est
243 2631 343 2689 naturai
353 2630 412 2690 fere
421 2635 450 2692 in
464 2637 566 2694 animis
579 2653 712 2697 tenerum
721 2634 810 2718 quid·

127 2708 296 2791 dematque
310 2712 418 2785 molle,
434 2715 514 2800 quod
529 2717 718 2798 aegritudine,
737 2738 810 2801 qua·

126 2792 152 2851 si
179 2788 381 2871 tempestate,
406 2797 561 2873 quatiatur.
592 2795 658 2857 Nec
691 2796 810 2858 absurde

129 2867 257 2933 Crantor
271 2870 341 2943 ille,
359 2874 406 2952 qni
421 2877 450 2932 in
473 2874 569 2935 nostra
583 2876 746 2938 Academia
761 2876 810 2939 vel

128 2950 160 3010 in
181 2954 278 3032 primis
298 2952 351 3012 fuit
371 2954 502 3026 nobilis,
521 2955 644 3016 Minime
663 3003 673 3032 ,
694 2960 811 3039 inquit,

127 3051 149 3090 rr
170 3031 302 3096 assentior
314 3035 369 3108 iis,
385 3036 433 3116 qui
449 3032 529 3098 istam
545 3036 746 3122 nescioquam
764 3039 812 3099 ia.-
