2125 4067
252 517 335 614 '¹9⁸
409 520 484 589 Da
526 534 781 591 statana

252 653 323 728 quae
333 631 446 693 dicitis?
459 636 570 715 negatis
581 653 647 697 eam
657 631 735 705 effe,
750 652 818 715 quae
829 631 946 716 expieta

258 730 297 775 ut
308 714 442 774 omnibus
456 715 487 774 iia
501 716 610 789 rebus,
627 734 697 796 quas
707 730 810 775 natura
825 713 946 777 deside·

255 810 326 867 πη
343 811 495 875 totamque
508 797 685 856 caminum
696 795 804 856 virtute
820 797 945 875 ponitis:

256 892 407 1017 rumque
433 876 528 936 omnis
554 875 755 936 controversia
779 891 830 935 aut
852 874 892 936 de
915 895 945 936 re

271 974 290 1013 o

291 954 369 1032 leat,
381 970 428 1019 aut
441 956 477 1016 de
490 958 610 1017 nomine
620 953 677 1017 effe
687 973 699 1028 ;
710 971 835 1037 utraque
846 974 944 1016 earum

252 1033 406 1112 ¹nascitur,
427 1038 452 1097 si
461 1055 510 1097 aut
521 1056 568 1097 res
583 1039 751 1119 ignoratur,
775 1052 945 1097 auterratur

258 1115 290 1178 in
302 1119 439 1180 nomine:
453 1138 578 1198 quorum
592 1119 616 1177 si
627 1133 762 1178 neutrum
774 1113 838 1189 est,
855 1136 942 1197 opera

259 1194 357 1257 danda
369 1198 430 1270 est,
454 1214 486 1256 ut
506 1197 605 1258 verbis
618 1211 731 1256 utamur
750 1195 841 1277 quim
857 1199 942 1257 usita-

257 1277 374 1338 tissimis
400 1279 431 1338 &
453 1275 540 1357 quam
561 1277 687 1337 maxima
703 1277 799 1356 aptis,
825 1273 859 1336 id
879 1274 941 1350 est,

258 1378 322 1419 rem
333 1356 550 1418 declarantibus.
564 1355 644 1417 Num
657 1358 743 1438 igitur
753 1355 876 1417 dubium
887 1354 941 1429 est,

246 1439 353 1517 .quin,
379 1439 403 1497 si
420 1438 450 1496 in
467 1435 573 1517 reipsa
591 1437 661 1497 nihil
674 1453 844 1517 peccatura
864 1436 941 1517 supe-

254 1517 384 1578 -rioribus
401 1562 412 1594 ‚
431 1517 528 1579 verbis
544 1517 584 1577 illi
601 1514 786 1577 commodibs
805 1513 943 1578 utantur?

300 1595 396 1659 XXI.
420 1597 608 1659 Videamusi
629 1600 684 1658 itur
708 1596 865 1658 sententias
890 1617 942 1659 eo-

258 1678 577 1751 rum3tumadverbar
618 1697 725 1738 eamus.
733 1675 847 1739 Dicunt
857 1696 941 1819 apr·

260 1760 396 1819 titionem
420 1759 508 1821 animi
531 1760 671 1833 moveri,
728 1777 779 1818 um
793 1759 881 1841 aliqui
915 1757 941 1820 ei

260 1837 418 1899 secundam
438 1837 639 1900 naturam‘effe
654 1840 684 1899 vi
707 1855 812 1912 eatur,
834 1840 942 1900 omnia·

260 1939 341 2000 que,
360 1940 423 2000 quae
442 1918 598 1980 secundiim
618 1936 749 1980 naturam
765 1917 851 1992 sunt,
873 1917 943 1980 asti·

261 2002 391 2061 matione
400 2000 494 2081 aliqua
504 2001 590 2082 digna
602 2019 611 2072 3
621 2019 713 2080 eaque
722 2020 778 2080 pro
789 2019 829 2061 eo
839 2044 848 2073 ‚
858 2019 943 2081 quan·

261 2096 325 2141 tum
347 2084 376 2141 in
398 2101 515 2162 quoque
540 2083 575 2140 sit
599 2080 765 2164 ponderis,
793 2079 851 2149 effe
868 2079 941 2142 asti·

258 2159 386 2223 'mandat
426 2181 524 2240 uaeque
543 2159 701 2220 secundbm
717 2178 852 2223 naturam
865 2165 942 2234 sint.

262 2243 368 2326 partim
387 2182 456 2302 ubil
470 2240 576 2301 habere
591 2243 622 2300 in
636 2240 695 2301 sese
709 2239 772 2319 ejus
789 2245 944 2324 appetitio-

262 2324 329 2397 nis,
348 2321 386 2382 de
402 2343 458 2404 qua
474 2322 549 2403 saepe
565 2320 624 2401 jam
645 2321 788 2393 diximus,
811 2344 876 2403 quae
890 2342 942 2384 nec

262 2399 384 2462 honesta
396 2446 405 2475 ‚
419 2424 474 2463 nec
487 2404 638 2463 laudabilia
655 2403 801 2462 dicantur:
821 2405 942 2484 partim,

263 2500 328 2559 quae
358 2482 542 2560 voluptatem
567 2483 692 2542 habeant
717 2484 747 2542 in
773 2486 856 2543 omni
884 2485 944 2542 ani·

263 2574 382 2634 mante,
400 2560 487 2622 sedin
498 2562 616 2622 homine
630 2565 772 2623 rationem
787 2566 893 2622 etiam:
908 2583 943 2624 ex

263 2639 298 2701 iis
331 2661 373 2700 uae
387 2644 443 2701 sint
454 2659 520 2723 apta
536 2688 545 2714 ‚
562 2663 596 2701 ea
609 2641 748 2716 honesta,
762 2663 797 2704 ea
810 2644 942 2724 pulchra,

264 2740 300 2786 ea
310 2661 486 2782 ‘laudabilia
504 2723 552 2783 illa
564 2739 660 2783 autem
679 2722 847 2803 superiora,
861 2740 944 2783 natu·

254 2802 332 2863 -ralia
348 2805 546 2864 nominantur:
566 2825 629 2885 quae
642 2801 795 2880 conjunbh
811 2824 879 2864 cum
896 2803 946 2863 ho·

263 2882 350 2946 uestis
360 2931 370 2962 ,
382 2889 474 2951 vitam
491 2886 607 2950 beatam
621 2881 773 2968 perficiunt
795 2883 830 2949 &
849 2881 946 2950 absol·

261 2981 346 3033 Vunt·
