2125 4067
258 477 433 547 tinen
462 487 690 546 enlm-os.
770 481 824 572 '13‘

134 605 204 652 mm·
218 589 289 652 illud
305 593 334 652 in
376 593 480 666 rimis,
499 591 600 674 quod,
618 609 709 673 quum
727 588 756 648 in
774 610 828 651 re-

135 693 202 734 num
225 690 325 732 natura
347 612 406 734 ‹luo
427 673 582 754 quaerenda
602 672 684 742 sint,
708 668 824 743 unum}

136 772 205 830 quae
222 754 344 811 materia
354 756 393 812 sit
407 797 417 826 ‚
432 773 469 813 ex
486 772 549 834 qua·
558 770 678 835 quaeque
695 770 741 810 res
759 748 824 812 effi2

140 833 252 901 ciatm3
273 831 492 912 alterumequae
508 835 554 893 vis
571 833 607 892 sit
618 851 713 912 ,φιτ
734 829 824 912 quid·

140 928 202 988 que
215 907 341 970 efficiat:
355 910 392 971 de
411 916 534 972 materia¹
540 911 743 984 disseruerunt,
760 912 823 971 vini

139 989 176 1049 ὃ(
195 988 308 1049 causam
325 988 471 1051 efficiendi
485 992 668 1071 reliquerant.
688 990 748 1052 Sed
763 991 823 1050 hoe

137 1090 298 1131 commune
325 1071 455 1130 vitium:
481 1070 538 1130 illae
563 1069 675 1151 Epicuri
697 1072 822 1151 prepriae'

137 1152 246 1210 nuinae:
266 1149 362 1211 censet
374 1153 471 1224 enim,
492 1150 598 1213 eadem
615 1150 662 1209 illa
679 1149 831 1211 individim'

139 1230 174 1291 &
192 1230 281 1291 solida
298 1252 430 1312 corpora*
439 1230 507 1292 ferri
525 1230 576 1291 suo
592 1229 727 1289 deorsum
746 1250 827 1310 pon-

139 1310 211 1371 dere
227 1310 269 1371 ad⁴
278 1308 402 1372 lineam:
418 1312 494 1371 hunc
509 1311 670 1371 naturalem
684 1308 742 1373 effe
759 1318 828 1371 om·¹

140 1393 222 1450 nium
239 1413 394 1472 corporum
411 1406 535 1453 motum.
815 1392 826 1437 ·'

146 1502 148 1505 ·
187 1488 233 1550 ¹9·
250 1470 488 1534 Deindeihidem
500 1474 593 1534 homo
605 1490 703 1532 acutus
713 1517 722 1545 ‚
733 1491 825 1554 quum

139 1550 213 1610 illud
231 1570 414 1632 occurrerer,
433 1554 572 1615 si‘omnia
589 1553 723 1614 deorsum
740 1574 757 1614 e
773 1572 826 1613 re.-

139 1633 230 1712 gione
247 1631 408 1708 ferrentur,
425 1634 477 1708 dc,
491 1653 522 1695 ut
541 1635 619 1708 dixi,
639 1634 676 1695 ad
694 1635 824 1706 lineam,

138 1732 298 1793 numquam
315 1712 399 1788 fore,
415 1730 447 1774 ut
466 1733 582 1776 atomus
595 1717 683 1775 altera
700 1715 823 1775 alteram

138 1791 234 1872 pollet
250 1796 398 1877 attingere
407 1815 423 1867 3·
431 1797 643 1877 itaque-attulit
659 1816 722 1856 rem
740 1797 826 1854 comi

138 1876 326 1935 mentitinm:
348 1876 495 1936 declinare
514 1877 584 1935 dixit
604 1895 736 1937 atomum
753 1880 826 1955 pero'

137 1955 255 2034 paulum
268 1977 277 2027 ;
291 1976 357 2036 quo
368 1956 438 2014 nihil
458 1955 553 2037 poss'et
569 1954 631 2015 fieri
650 1957 764 2015 minin:
784 1956 826 2013 ita

139 2032 216 2094 effici
235 2037 478 2116 complexiones,
501 2037 534 2095 &
555 2035 775 2116 copulationes,
791 2033 826 2094 &
874 2056 878 2062 ·

140 2113 372 2175 adhaesitationes
385 2133 551 2175 atomorum
567 2116 695 2175 inter-se:
713 2135 749 2174 ex
766 2134 827 2193 quo
878 2178 880 2183 ,

142 2191 304 2253 efficeretur
314 2196 437 2254 mundus
447 2195 731 2274 ‚omnesque-partes
747 2213 829 2252 mun·

141 2272 173 2332 di
193 2316 202 2345 ‚
221 2293 350 2353 quaeque
360 2276 389 2330 in
407 2294 450 2332 eo
464 2273 554 2333 ellent
571 2295 578 2331 ε
596 2294 661 2354 quae
697 2293 765 2331 uum
781 2293 828 2332 res

140 2368 203 2414 tota
214 2351 278 2413 fida
296 2355 332 2412 sit
348 2354 512 2433 pueriliter,
531 2369 591 2412 tum
609 2374 676 2414 nee
709 2356 826 2435 cirqui-

141 2434 209 2495 dem
233 2434 315 2514 quod
337 2433 400 2493 vult
417 2454 513 2493 :nam
537 2434 644 2518 &ipsa
669 2435 827 2495 declinatio

142 2515 179 2574 ad
202 2514 352 2574 libidinem
369 2512 493 2595 fingiturr
504 2518 567 2592 (ait
586 2520 663 2577 enim
680 2516 826 2576 declinare

140 2611 273 2655 atomum
303 2598 369 2655 sine
390 2595 470 2654 causa
491 2617 509 2669 3'
531 2617 593 2677 quo
620 2597 699 2656 nihil·
715 2599 828 2677 turpius
908 2664 913 2671 ἡ

141 2675 288 2756 physico,
309 2675 395 2756 quim
412 2675 474 2736 fieri
487 2680 555 2736 sine·
566 2675 647 2736 causa
686 2676 825 2756 uidquam

143 2754 269 2835 dicere)
291 2755 323 2813 &
341 2755 427 2814 illum·
441 2773 555 2816 motum
577 2698 736 2815 namrdlem
755 2775 827 2813 om-

143 2835 231 2894 nium·
242 2834 424 2912 ponderum,
440 2852 472 2894 ut
490 2835 550 2915 ipse
566 2835 729 2906 constituit,
742 2853 759 2892 e
773 2851 826 2892 τιό

143 2914 233 2996 gione
252 2911 419 2971 inferiotem
436 2913 534 2971 locum
555 2916 740 2992 petentium,
762 2915 834 2976 sine·

143 2992 225 3057 eausa
244 2994 346 3072 eripuit
365 2993 487 3051 atomis:
513 3013 569 3052 nec
587 3011 685 3052 tamen
705 2994 753 3068 id,
769 3015 825 3059 cue

141 3073 188 3158 jps
204 3073 372 3137 cnusdhaec.
384 3071 534 3152 finxetat„
544 3071 685 3139 assecutusv
700 3073 761 3140 est..
823 3138 825 3142 .
