2125 4067
306 511 459 586 Lmen
494 522 735 596 omn-ros.
791 517 867 602 '225

184 627 246 700 sit;
269 643 302 687 ut
320 625 351 685 id
374 621 525 686 honestum
548 625 602 696 sit,
624 621 721 686 facere
742 625 870 697 omnia,

182 725 231 773 aut
251 707 411 785 voluptatis
429 705 540 777 causi,
563 705 651 762 etiam
671 709 694 767 si
714 722 779 765 eam
804 722 867 763 non

181 785 361 866 consequare
374 804 384 857 ·,
403 800 451 844 aut
467 804 527 841 non
543 781 663 842 dolendi
675 828 685 859 ,
696 787 782 843 etiam
796 785 820 842 si
835 781 867 843 id

184 865 293 944 assequi
313 882 457 942 nequeas3
474 878 641 921 autentum
660 906 669 936 ,
687 882 749 943 quae
765 862 868 923 secun*

188 944 259 1004 dnm
282 959 441 1014 naturam,
465 939 646 1078 adipiscendi.
669 941 788 1016 siniit,
811 959 868 1016 ut,

187 1040 295 1104 quanta
317 1018 476 1082 differentia
493 1039 509 1079 e
551 1021 580 1077 in
597 1022 740 1099 principiis
751 1039 869 1082 natura*

185 1103 280 1176 libus,
299 1118 380 1161 tanta
391 1103 427 1160 sit
443 1103 473 1159 in
490 1097 594 1159 finibus
611 1098 758 1160 bonorum
776 1102 871 1161 maio·

184 1202 308 1264 rumque
332 1180 545 1241 dissimilitudo.
574 1176 636 1238 Alii
656 1177 750 1239 rursus
773 1178 871 1245 iisdem

185 1284 203 1325 a
229 1263 375 1344 principiis
399 1279 490 1321 omne
514 1256 646 1319 officium
666 1257 797 1319 referunt
824 1277 874 1323 aot

185 1342 224 1405 ad
246 1343 455 1422 voluptatem,
477 1339 580 1400 autad
598 1359 660 1399 non
682 1338 844 1400 dolendum
864 1382 876 1415 ,

186 1438 237 1483 aut
256 1421 292 1481 ad
309 1423 400 1501 prima
416 1419 465 1481 ille
478 1418 637 1481 secundino
650 1436 782 1483 natutam
795 1421 874 1482 obti-

187 1501 295 1562 nenda.

233 1600 281 1642 20.
305 1579 447 1661 Expositis
463 1578 522 1660 jam
538 1581 622 1662 igitur
635 1579 684 1643 sex
703 1579 871 1645 desummo

186 1661 270 1722 bono
297 1660 474 1735 sententiis,
499 1664 585 1723 crium
610 1663 807 1741 proximarum
839 1663 870 1723 hi

187 1743 333 1822 principes
350 1763 360 1815 ;
382 1741 567 1823 voluptatis,
593 1740 754 1823 Aristippus
773 1764 783 1816 3
806 1762 870 1803 non

188 1821 328 1894 dolendi,
342 1822 563 1904 Hieronymus;
579 1812 695 1882 fruendi
710 1821 796 1883 rebus
814 1825 873 1897 iis,

187 1922 258 1983 quas
277 1905 382 1983 primas
395 1900 552 1963 secundom
567 1900 774 1963 naturam-esse
793 1902 874 1961 dixi·

187 2003 273 2055 mus,
286 1980 472 2053 Carneades,
484 2003 547 2041 non
558 1981 606 2040 ille
620 1981 739 2060 quidem
751 1981 850 2041 ausint
862 2024 874 2055 ‚

187 2060 240 2121 sed
253 2061 408 2134 defensor,
428 2058 582 2121 disserendi
602 2061 706 2132 causi,
727 2060 790 2120 suit.
811 2059 871 2122 Su·

187 2143 320 2221 periotes
331 2159 388 2201 tres
400 2156 499 2213 erant,
511 2161 576 2219 quae
591 2137 647 2200 esse
659 2137 790 2221 possent:
803 2161 876 2278 ‹ppa-

190 2240 258 2279 rum
279 2218 320 2279 est
340 2240 397 2278 una
417 2218 479 2278 sola*
498 2218 639 2290 defensa,
661 2240 696 2280 ea
718 2240 756 2280 ue
776 2240 815 2280 ve
837 2241 875 2280 e-

189 2315 316 2360 menter.
331 2297 410 2358 Nam
426 2297 584 2378 voluptatis
595 2299 681 2357 causi
697 2241 794 2361 sacere
806 2321 875 2360 om·

189 2380 258 2451 nia,
277 2400 389 2460 quum,
411 2379 540 2438 etiamsi
559 2377 627 2437 nihil
646 2377 731 2440 conse
772 2402 873 2457 amur,

189 2476 287 2520 tamen
304 2458 396 2542 ipsum
411 2457 480 2518 iilud
500 2458 653 2521 consilium
670 2463 709 2520 ita
739 2462 869 2536 sciendi,

188 2560 243 2679 per
261 2538 289 2600 se
306 2539 522 2621 expetendum,
540 2539 572 2600 &
588 2539 761 2617 honestum,
775 2544 808 2604 &
824 2542 872 2605 so·

201 2640 249 2678 um
270 2621 380 2680 bonum
397 2623 454 2694 sit,
474 2639 563 2681 nemo
585 2621 728 2697 dicittne
750 2624 875 2695 visasin-

188 2720 259 2760 nem
273 2700 402 2778 'quidem
421 2699 529 2759 doloris
547 2700 637 2779 ipsam
661 2722 714 2779 poc
734 2700 763 2762 se
790 2705 874 2782 quis-

146 2807 148 2811 ⁴
189 2798 280 2858 quam
298 2782 328 2836 in
349 2779 434 2837 rebus
452 2781 621 2857 expetendis
637 2781 771 2857 putavit,
790 2801 828 2841 ne
849 2784 875 2842 si

192 2859 283 2919 etiam
298 2858 408 2916 evitare
427 2854 534 2934 posset:
552 2879 580 2916 at
598 2860 670 2915 verb
688 2857 785 2919 facere
805 2881 875 2919 om-

189 2938 262 3009 nia,
281 2952 312 2995 ut
330 2931 517 3014 adipiscamur
535 2955 598 3015 quae
614 2935 767 2996 secundnm
788 2955 874 2999 natu-

190 3038 254 3081 ram
276 3017 359 3092 sint,
385 3015 473 3077 etiam
485 3017 511 3078 si
530 3035 565 3080 ee
592 3035 654 3079 non
672 3014 875 3099 assequamur.¹¹

703 3096 773 3164 Kv
