2125 4067
179 526 267 663 ‘372'
317 558 746 629 Tuscurrurnrrrr

228 673 275 754 36.
301 670 403 754 Itaque
430 674 500 746 illi,
528 672 578 753 qui
603 667 724 734 Graedae
748 670 866 736 formam

184 754 461 834 rerumpublicarum
484 753 627 814 dederunt
644 795 656 825 ‚
675 774 800 834 corpora
818 754 867 835 ju-.

183 855 295 898 venum
320 830 426 892 firmari
449 833 551 895 labore
577 831 764 895 voluerunt:
793 835 864 915 quod

184 916 334 996 Spartiatae
348 915 440 974 etiam
461 915 490 972 in
507 911 630 973 feminas
649 913 865 993 tranllulemnt;

185 1018 250 1077 quae
274 995 376 1055 ceteris
388 995 417 1052 in
432 993 567 1067 urbibus,
580 992 755 1056 mollissimo
768 995 840 1054 cultu
855 1039 865 1068 ,
903 1015 905 1018 ·

186 1078 330 1159 parietum
352 1073 460 1134 umbris
487 1074 685 1136 occulumur:
709 1076 752 1137 illi
776 1091 866 1136 autem

186 1158 363 1231 voluerunt,

187 1309 260 1363 Nihil
268 1310 348 1360 lorum
356 1309 431 1379 simile
446 1311 509 1378 apud
515 1309 628 1361 Laconas
637 1306 764 1378 virgines:

190 1402 265 1476 Quer's
274 1402 346 1472 magi'
352 1401 461 1470 polaestta
471 1434 480 1461 ‚
491 1402 602 1460 Eurota,
609 1397 651 1466 [ol
659 1432 668 1459 ‚
674 1400 777 1468 pulsis,
787 1399 866 1460 lrrbtts.¹

187 1494 285 1546 Militia
289 1496 369 1560 studio
381 1496 430 1560 est,
442 1495 509 1571 qudm
523 1494 643 1562 rfertilitas
654 1492 767 1546 banasa.

186 1624 267 1708 Ergo
286 1626 328 1685 his
340 1625 490 1686 laboriosis
504 1625 759 1699 exercitationibus
770 1625 803 1688 δι
819 1626 876 1697 ‹lo-1

185 1706 232 1765 lor
249 1708 408 1765 intercurrit
424 1725 659 1785 nonnumquam:
674 1707 874 1788 impelluntur,

185 1784 344 1859 feriuntur,
362 1783 555 1864 abjiciuntur,
570 1786 675 1846 cadunt
689 1808 698 1847 a
714 1787 748 1848 δι
761 1790 771 1846 i
793 1787 870 1847 sela·

185 1866 242 1927 bor
260 1869 339 2006 ‘lim
352 1865 454 1925 callum
467 1865 616 1946 quoddam
628 1866 750 1927 obducit
766 1810 874 1928 doloris

229 1945 259 2007 Χ
304 1945 328 2007 Ι.
354 1946 489 2006 Militiam
511 1946 585 2007 verb
604 1943 766 2026 (nostram
784 1948 876 2021 dico,

187 2045 249 2088 non
270 2026 494 2108 Spartiatarum,
516 2047 639 2106 quorum
653 2027 789 2106 procedit
805 2027 870 2088 mo-

186 2123 231 2168 tus
249 2110 285 2168 ad
297 2111 415 2181 tibiam,
429 2127 483 2167 nec
493 2107 643 2166 adhibetur
653 2108 713 2167 ulla
726 2110 788 2169 sine
804 2130 871 2168 ana·

185 2187 279 2271 paellis
299 2190 420 2270 pedibus
442 2185 595 2268 hortatio)
617 2185 705 2247 nostri
729 2191 874 2249 exereitus

185 2273 310 2351 primum
322 2271 398 2330 unde
414 2289 523 2329 nomen
534 2268 659 2327 habeant
669 2268 771 2329 vides:
790 2269 871 2328 dein·

187 2351 224 2410 de
245 2353 292 2430 qui
315 2352 397 2410 labor
421 2351 453 2410 &
477 2365 597 2429 quantus
619 2349 770 2429 agminis,
794 2348 871 2410 ferre

186 2428 250 2509 plus
272 2430 411 2489 dimidiati
436 2433 542 2488 mensis
567 2428 670 2489 cibaria
687 2449 697 2502 ;
717 2426 794 2487 ferre
814 2471 824 2501 ,
846 2430 871 2488 si

188 2508 257 2587 quid
275 2508 311 2566 ad
331 2509 410 2567 usum
428 2509 519 2568 velint
529 2528 540 2580 3
553 2507 629 2570 ferre
645 2507 750 2569 vallum
768 2526 777 2563 ε
797 2527 869 2566 nam

185 2586 314 2659 scutum,
331 2588 476 2667 gladium,
496 2588 629 2670 galeam,
643 2591 672 2648 in
684 2604 772 2648 onere
793 2606 868 2645 nos-

186 2671 222 2729 tri
241 2668 343 2728 milites
367 2689 427 2727 non
450 2670 514 2748 plus
538 2685 689 2745 numerant
705 2664 792 2747 quim
812 2665 871 2726 hu·

187 2770 302 2822 meros,
313 2751 452 2821 lacertos,
464 2769 582 2808 manus:
592 2770 672 2809 arma
684 2749 762 2824 enim
777 2767 872 2825 mem·

188 2832 239 2891 bra
251 2831 346 2890 militis
358 2827 414 2890 elle
427 2831 543 2902 dieunt,
556 2850 620 2909 quae
632 2827 752 2911 quidem
768 2826 808 2887 ita
821 2846 872 2908 ge·

188 2930 253 2972 runt
269 2913 355 2993 apte,
374 2928 422 2984 ut,
438 2915 460 2972 si
475 2909 537 2971 usus
550 2909 646 2983 foret,
659 2905 779 2987 abjedis
796 2927 871 2967 one-

187 2993 291 3065 ribus,
313 2993 453 3071 expeditis
477 2990 583 3063 armis,
603 3005 635 3048 ut
653 2988 793 3049 membris
815 3008 870 3067 pu·

186 3089 275 3152 gnare
286 3074 407 3153 possint.
426 3071 510 3152 Quid
521 3069 690 3133 exercitatio
705 3064 870 3151 legionunl
