2125 4067
250 486 417 561 'ztan
452 502 698 576 Quintus.
741 490 819 584 5¹29

137 599 259 667 Graeciae
278 603 417 686 quosdam
428 603 626 667 adolescentes
642 621 821 665 amorecou·

135 681 271 764 junctos3
286 683 423 743 credebat
437 703 542 745 eorum
558 688 681 746 neminI:
699 683 749 746 sed
766 685 821 759 iis,

137 784 213 845 quos
232 783 269 824 ex
288 760 401 822 familiis
418 763 600 844 locupletum
621 763 718 825 servos
734 763 821 826 dele-

137 859 242 924 gerat,
255 844 480 981 {ihm-3⁰3&
495 842 637 937 servitutis
648 844 821 983 ipsegtdeftrq·

360 942 369 979 r

135 940 267 1063 {dilatatio
285 941 415 1082 coidods
432 942 824 1065 citnliocdddre'diinimittedds.

137 1080 184 1143 lta
203 1097 326 1163 propter
344 1078 477 1160 injustam
498 1081 662 1143 dominatus
683 1081 824 1163 cupidita·

136 1164 241 1223 terrain
254 1181 400 1223 carcerem
414 1161 543 1244 quodam
557 1162 649 1223 modo
666 1162 726 1243 ipse
740 1160 769 1222 se
778 1162 824 1223 in-

138 1242 267 1303 cluserat.
288 1239 374 1319 Quin
394 1245 505 1319 etiam,
525 1264 564 1303 ne
584 1241 693 1302 tonsori
712 1242 823 1303 collum

139 1323 368 1393 committeret,
389 1321 514 1384 tondere
536 1321 608 1383 filias
627 1321 688 1384 suas
711 1323 824 1384 docuit.

138 1399 184 1463 lta
196 1400 313 1463 sordido
330 1402 512 1483 ancillarique
526 1400 647 1465 artificio
660 1404 744 1483 regiae
760 1405 822 1463 vir·

160 1484 242 1557 nes,
258 1497 289 1540 ut
302 1479 495 1555 tonstriculae,
515 1483 680 1543 tondebant
699 1483 821 1545 barbam

138 1501 174 1623 dl
190 1561 323 1642 capillum
339 1565 434 1641 patris.
457 1559 495 1620 Et
513 1564 662 1623 tamenab
680 1564 713 1621 iis
730 1565 820 1642 ipsis,

139 1661 230 1723 quum
247 1639 307 1720 jam
324 1639 413 1700 essent
424 1639 549 1716 adulta,
563 1641 672 1703 serrum
684 1645 821 1717 removit,

138 1718 346 1815 instituitque,
369 1736 401 1780 ut
426 1721 613 1785 candentibus
639 1719 670 1802 ju
691 1722 820 1783 laudium

138 1802 334 1883 putaminibus
346 1799 466 1863 barbam
477 1804 533 1864 sibi
550 1802 584 1867 &
600 1743 736 1885 capillum
748 1803 822 1865 adu·

138 1898 416 2103 Ϊῐξὲῥιιέιωςυε
436 1962 513 2057 ,duas
539 1980 644 2099 quotes
668 1963 820 2103 lgberdet,

171 2065 185 2102 r
269 2065 301 2102 ac
324 2063 359 2103 en
382 2087 392 2115 ,
419 2063 444 2101 cr
466 2061 514 2103 em
552 2061 618 2101 uam
706 2065 749 2104 orr
771 2064 821 2104 ern

138 2064 502 2194 autemmlocrensemfsic
515 2119 603 2181 noctu
620 2085 657 2181 sd
678 2142 726 2182 eas
747 2143 822 2184 ven-

138 2203 260 2278 titabat,
272 2219 303 2263 ut
317 2205 415 2262 omnia
431 2200 623 2281 specularetur
642 2200 676 2261 δι
690 2201 821 2282 perscru-

137 2297 248 2346 taretur
261 2282 337 2343 aute.
355 2281 412 2355 Et,
423 2301 512 2362 quum
525 2278 627 2339 foffam
641 2279 729 2341 latam
744 2282 824 2343 cubi-

138 2354 227 2435 culari
245 2362 320 2424 lesio
336 2357 565 2423 circumdedisset
582 2405 593 2434 ,
609 2357 725 2443 ejusque
740 2361 820 2425 sollae

137 2448 287 2505 transitum
307 2442 457 2523 ponticulo
481 2442 579 2524 ligneo
604 2441 821 2520 conjunxissett

138 2541 207 2585 eum
228 2522 319 2603 ipsutu
330 2567 341 2597 ‚
352 2543 441 2605 quum
453 2521 549 2584 forent
566 2522 693 2619 cubiculi
709 2524 820 2587 clause·

138 2601 674 2763 lit,tlst'nsssst‘tllllltsslll
685 2625 823 2758 'iiiiii

137 2766 304 2825 concionari
320 2782 357 2822 ex
373 2763 442 2820 turri
454 2762 511 2820 alta
526 2760 648 2820 solebat.

179 2843 230 2905 60.
252 2842 353 2923 Atque
377 2841 400 2899 is
419 2860 508 2922 quum
527 2840 587 2920 pila
610 2840 710 2900 ludere
728 2839 822 2902 vellet

138 2920 154 3004 (
164 2918 289 2985 studiose
304 2922 380 2982 euim
401 2920 431 2980 id
452 2918 622 3001 saditabat)
638 2922 823 3001 tunicamque

137 3020 288 3086 poneret,
310 2999 546 3079 adolescentulo,
567 3021 663 3084 quem,
675 3002 791 3067 amabat
809 3044 823 3084 ,

178 3086 281 3147 Turnus
300 3083 401 3148 VIII.
684 3081 709 3143 Z
