2125 4067
255 511 405 580 Ilm
441 527 653 582 numus,
712 520 814 606 309·

156 637 200 701 53.
219 620 279 683 Sed
294 625 338 697 si,
356 624 445 704 qualis
460 626 495 684 sit
507 625 637 698 animus,
650 622 709 704 ipse
727 626 790 684 ani·

108 720 174 760 mus
192 701 319 775 nesciet3
339 705 408 777 dic,
433 703 555 784 quaeso,
582 725 619 764 ne
644 703 699 765 eIIe
723 707 791 785 qui·

106 780 178 840 dem
196 780 224 841 se
243 783 335 845 sciet?
357 802 395 843 ne
412 787 526 846 moveri
546 784 664 864 quidem
677 783 730 844 se?
749 805 787 844 ex

104 881 170 1000 guo
194 861 242 921 illa
267 865 339 924 ratio
367 880 434 921 nata
457 862 499 922 est
517 861 666 937 Platonis,
689 884 788 943 quea

132 958 232 1000 ocrate
261 940 350 1000 estin
374 941 495 1001 Phaedro
513 941 680 1021 explicata,
698 964 715 1000 a
738 963 787 1004 me
812 986 814 991 ,

106 1035 209 1078 autem
233 1024 328 1101 posita
352 1019 393 1085 est
412 1023 442 1080 in
467 1021 549 1082 sexto
569 1021 644 1082 libro
668 1021 705 1085 de
724 1019 797 1082 Re-.

106 1099 234 1179 publica.
728 1128 730 1133 ·
796 1150 800 1161 .

118 1218 125 1231 ·
150 1178 285 1242 XXIII.
305 1185 390 1263 Quod
397 1183 505 1263 semper
516 1199 657 1255 mouetur,
673 1182 708 1239 id
717 1198 794 1239 ater·

109 1281 175 1324 uum
195 1265 246 1341 est:
265 1265 340 1342 quod
358 1282 448 1324 autem
467 1281 569 1323 motum
589 1260 668 1342 afflrt
684 1262 788 1334 alicui,

110 1342 231 1419 quodque
253 1345 339 1423 ipsum
365 1347 486 1424 agitatur
504 1344 648 1417 aliunde,
680 1343 792 1421 quando

104 1420 189 1496 finem
215 1423 294 1484 habet
314 1426 401 1492 motus
421 1467 432 1497 ‚
454 1424 566 1484 vivendi
586 1444 690 1501 quoque
704 1421 790 1500 finem

109 1500 210 1561 habeat
229 1501 326 1580 neceffi·
350 1505 410 1582 est:
432 1503 522 1581 firlum
539 1505 645 1584 igitur,
668 1503 743 1581 quod
754 1501 788 1580 se

109 1580 200 1659 ipsum
213 1601 322 1654 movet,
335 1584 399 1660 quia
411 1603 554 1662 numquam
567 1582 694 1661 deseritur
707 1604 726 1639 a
734 1582 788 1659 sa,

109 1680 258 1737 numquam
279 1684 312 1721 ne
330 1665 430 1724 moveri
451 1666 558 1741 quidem
576 1662 701 1722 desinit:
720 1663 787 1740 quin

110 1743 193 1801 etiam
217 1744 344 1816 cetaria,⁴
366 1764 423 1823 qua
448 1762 608 1816 mouentur,
629 1744 674 1802 nic
692 1740 788 1815 fons,

110 1821 161 1879 hoc
175 1822 339 1903 principium
360 1826 394 1904 est
413 1827 561 1885 movendI:
577 1824 711 1902 principii
731 1843 793 1884 au·.

111 1918 163 1958 rem
175 1903 255 1960 nulla
270 1907 305 1984 est
313 1906 397 1985 origo.
411 1908 487 1964 Nam
499 1925 534 1963 ex
543 1905 682 1982 prinprur
697 1904 791 1963 oriun-

111 1998 156 2039 tur
170 1984 260 2040 omnia
271 2004 283 2052 ,·
305 1987 392 2062 ipsum
412 2003 501 2048 aurem
521 1983 602 2046 nulla
621 2003 657 2038 ex
676 2003 703 2038 ra
728 1982 790 2038 alia

112 2062 189 2138 nasci
203 2064 310 2141 potest:
328 2083 377 2122 nec
392 2065 462 2121 enim
482 2060 544 2138 effer
561 2063 593 2123 id
602 2062 789 2138 principium,

111 2143 186 2220 quod
198 2143 349 2220 gigneretur
363 2142 483 2210 aliunde.
505 2141 589 2221 Qubd
603 2142 629 2202 si
645 2160 789 2218 numquam

110 2224 218 2293 oritur,
243 2242 277 2279 na
303 2224 404 2282 occidit
425 2222 531 2300 quidem
555 2240 701 2296 umquam:
726 2239 791 2282 nam

108 2301 274 2381 principium
302 2303 453 2383 exflinffum
464 2343 476 2372 ‚
498 2298 655 2376 meipsum
679 2299 713 2356 ab
733 2299 792 2367 alio

111 2380 283 2458 renascetur,
304 2404 354 2441 nec
371 2404 390 2441 a
398 2381 430 2459 se
446 2381 528 2443 aliud
540 2379 667 2449 creabit;
683 2380 709 2437 si
725 2380 790 2458 qui-

113 2462 173 2525 dem
182 2459 320 2544 neceffeest
329 2485 348 2521 a
352 2462 492 2543 principio
501 2461 567 2521 oriri
576 2460 676 2519 omnia.
683 2459 728 2518 Ita
732 2461 788 2538 fit,

113 2559 144 2603 ut
161 2542 249 2602 motus
259 2546 424 2624 principium
441 2565 518 2602 exeo
536 2543 593 2615 rit,
613 2543 687 2620 quod
701 2543 789 2620 ipsum

114 2622 176 2700 ase
191 2641 332 2684 movetur:
353 2627 385 2682 id
401 2642 490 2683 autem
509 2643 558 2683 nac
573 2623 650 2702 nasci
671 2622 755 2701 potest
776 2664 789 2689 ,

112 2724 161 2763 mec
176 2705 245 2761 mori
262 2723 275 2772 ;
296 2706 342 2762 vel
363 2706 490 2764 concidat
503 2723 580 2764 omne
595 2702 710 2770 coelum,
729 2721 791 2757 om-

113 2784 205 2862 nisque
226 2799 326 2839 natura
343 2783 468 2859 consistat
483 2777 581 2854 neceffe
599 2782 653 2858 ιβ,
672 2779 790 2843 necuim

113 2865 201 2924 ullam
215 2860 407 2938 nanm'scamr,
425 2858 480 2934 qud
496 2858 584 2935 primo
598 2856 713 2934 impulsu
729 2877 791 2922 mo-

113 2963 222 3005 veatur.
250 2943 340 3019 Quum
388 2953 462 2996 mem
483 2937 591 3016 igitur,
616 2952 739 2994 aternum
761 2935 795 2996 id

114 3021 185 3105 effi,
207 3023 283 3115 quod
291 3019 353 3110 scip
365 3039 411 3081 um
429 3033 567 3096 moneam
586 3015 649 3097 quis
666 3015 720 3099 est,
744 3015 794 3097 qni
