2125 4067
251 524 414 597 Ltuuu
447 540 694 612 poturus.
739 520 817 620 2'65

130 638 193 705 hta.
210 641 311 722 Quare
324 642 349 702 si
361 639 457 722 potest
474 639 645 702 essebeatus
658 642 681 700 is
691 684 700 713 ,
710 642 758 723 qui
773 638 817 701 est

131 722 163 783 in
183 720 289 803 asperis
311 718 528 801 reficiendisque
548 722 656 794 rebus,
677 718 773 800 potest
794 723 819 780 ie

129 821 253 884 quoque
275 798 356 874 elle,
376 802 427 881 qui
444 799 485 860 est
502 802 532 859 in
548 803 648 938 parvis
663 800 754 859 malis.
780 799 820 860 Et

133 900 217 962 ego,
231 879 319 953 Piso,
334 880 472 959 inquam,
489 881 514 937 si
529 897 547 939 e
587 878 753 960 quisquam,
770 882 822 962 qui

131 961 220 1021 acute
234 960 265 1020 in
276 959 368 1019 causis
383 957 486 1018 videre
500 956 610 1031 soleat,
623 978 686 1038 quae
698 978 768 1018 resa
790 981 824 1019 a·

130 1054 182 1100 tur
197 1084 207 1113 ,
225 1039 249 1100 is
273 1059 307 1100 es
330 1036 463 1119 professo
486 1054 546 1097 tut
572 1056 661 1118 quate
683 980 822 1113 attense,

133 1117 260 1202 quaes03
285 1139 355 1178 narn
372 1117 485 1190 adhuc,
502 1135 576 1176 meo
596 1113 714 1176 sortasse
730 1119 824 1193 vitio,

132 1199 207 1280 quid
221 1218 277 1281 ego
294 1217 423 1279 queram
436 1216 497 1257 non
508 1196 657 1336 perpicis.
670 1194 735 1257 istic
747 1195 806 1255 sum

120 1279 243 1361 lnquit,
256 1276 561 1361 exspesloquequida
597 1277 603 1290 '

134 1379 219 1431 ram,
235 1359 283 1419 res
300 1359 420 1419 ondens.
500 1383 503 1389 ·

175 1437 262 1498 XXV
296 1481 304 1499 .
316 1437 533 1520 Respondebo,
544 1455 593 1497 me
605 1456 667 1497 non
677 1455 821 1519 querere,

134 1517 168 1578 in
191 1538 277 1592 uam,
299 1518 354 1579 hoc
369 1535 523 1598 tempore,
540 1517 609 1600 quid
622 1519 712 1577 virtus
730 1521 823 1599 possit

133 1618 153 1659 e
186 1616 273 1673 cere,
286 1596 338 1658 sed
391 1598 419 1658 id
431 1595 593 1658 constanter
606 1597 734 1670 dicatur,
749 1598 822 1678 quid

132 1676 227 1760 ipsum
243 1675 304 1738 ase
324 1613 474 1739 dillntiat.
494 1675 567 1756 Quo
583 1677 688 1758 igitur,
705 1679 820 1758 inquit,

133 1759 228 1820 modo
247 1756 259 1817 l
283 1756 362 1837 Quia
378 1779 468 1840 quum
485 1778 501 1817 a
520 1756 662 1831 Zenone,
679 1757 820 1840 inquam,

132 1837 194 1899 hoe
209 1837 379 1920 magnifice,
392 1855 541 1920 tamquam
553 1857 593 1898 ex
608 1837 747 1913 oraculo,
759 1839 822 1899 edi·

132 1933 202 1993 tur,
224 1922 318 1982 Vmets
336 1921 375 1978 ad
385 1920 461 1978 bears
474 1920 622 1980 uiuendum
631 1917 663 1995 se
674 1918 736 1995 ipfir
748 1940 819 1978 con·

134 2016 210 2059 rema
223 2002 264 2080 est.
283 1998 388 2078 Quare
398 1996 526 2077 ,inquitl
541 1995 729 2075 Respondet,
742 1998 821 2077 Quia

132 2078 496 2237 usust
507 2075 666 2216 uuo
678 2077 822 2217 uuu

93 2228 96 2233 .
202 2198 210 2216 ⁰
416 2209 418 2214 ·
497 2199 507 2229 2
727 2199 737 2226 r

132 2238 227 2308 dico,
249 2255 312 2309 ea,
335 2255 398 2316 quae
441 2236 498 2294 ‘cat
514 2277 525 2308 ,
543 2233 677 2314 praeclare
696 2235 772 2296 iuter
790 2235 821 2298 se

132 2318 294 2380 coherere·
453 2359 456 2367 -
815 2347 819 2357 ·

177 2396 228 2457 80.
245 2395 362 2457 Dixen't
379 2393 437 2457 hoc
451 2392 529 2456 idem
547 2392 709 2476 Epicurus,
729 2393 818 2459 Sem-2

160 2495 190 2537 er
203 2479 320 2537 beatum
336 2474 393 2537 effe
408 2475 587 2556 sapientem
602 2475 683 2558 quod
696 2478 815 2557 quidem

133 2499 209 2618 solet
229 2557 348 2619 ebullire
367 2576 495 2617 nonnum
519 2577 612 2617 uam:
640 2578 728 2637 quem
752 2562 817 2640 qui·

133 2636 224 2709 dem,
240 2657 330 2717 quum
342 2635 457 2697 su'tumis
470 2578 618 2697 doloribus
634 2636 815 2710 conficiatur,

132 2717 175 2779 ait
192 2716 347 2776 dislurum:
366 2717 457 2794 Quum
467 2717 556 2796 ficare
574 2716 627 2792 eft!
646 2717 727 2794 purim
742 2719 817 2777 nilis
839 2785 846 2795 ,Ι

131 2796 224 2860 euro!
243 2815 303 2853 non
313 2813 440 2873 pugnem
458 2814 524 2852 cum
537 2793 674 2867 homine,
691 2812 817 2855 curtan-

131 2893 199 2940 tum
217 2873 363 2933 habeatin
380 2889 479 2937 natura
490 2871 578 2930 boni:
594 2871 666 2930 illud
680 2892 816 2953 urgeam,

133 2976 199 3019 uon
217 2953 376 3034 intelligere
394 2969 483 3022 eum,
499 2948 570 3030 quid
586 2950 640 3009 sibi
659 2949 815 3017 dicendum

133 3038 194 3107 eit,
211 3054 301 3115 quum
318 3029 613 3115 doloremsummum
632 3031 740 3099 malum
756 3032 815 3107 effe

177 3117 278 3193 ¹Turnus
297 3112 367 3207 Vsl
371 3112 398 3189 1,
676 3111 713 3184 M

595 1276 643 1352 rd,
657 1275 738 1359 quod
747 1241 828 1358 quae’·
