2125 4067
262 504 421 578 Lrarrt
451 515 691 588 Quantum·
743 509 815 595 197

135 618 230 680 tinent
244 663 254 693 ,
267 634 448 700 repugnante
458 617 583 690 natum,
604 616 695 677 verba
702 614 819 676 versare

133 702 244 779 coepit:
268 699 301 758 &
323 702 448 779 primum
469 699 555 759 rebus
576 696 639 770 iis,
687 717 736 756 uas
762 716 819 756 nos

134 780 234 839 bonas
252 778 403 851 ducimus,
419 778 586 850 concessit,
602 794 634 836 ut
701 793 819 836 crentur

134 876 238 937 aptae,
260 857 371 916 habiles
385 900 395 929 ‚
413 857 446 916 δι
461 857 498 916 ad
509 875 638 916 naturam
650 876 821 917 accommo-

140 938 238 996 datae:
258 935 398 1016 faterique
409 939 520 1016 coepit,
535 935 670 1014 sapienti,
686 937 743 1011 hoc
758 934 819 1010 est,

137 1016 253 1076 summe
266 1016 376 1089 beato,
393 1014 578 1076 commodius
591 1030 685 1075 tamen
702 1012 776 1089 esse,
795 1016 821 1076 ri

137 1117 175 1157 ea
195 1116 315 1177 quoque
338 1095 465 1171 habeat,
484 1115 550 1176 quae
566 1094 646 1157 bona
661 1115 720 1153 non
736 1094 822 1156 audet

136 1177 287 1256 appellare
309 1197 320 1249 3
349 1176 452 1236 naturi
476 1179 485 1234 i
508 1175 540 1234 sd
563 1172 751 1235 commodata
768 1172 825 1235 esse

137 1257 289 1317 concedit:
304 1275 469 1338 negatque,
487 1198 663 1325 slatonem,
680 1254 705 1311 si
716 1251 827 1333 sapiens

137 1338 272 1406 nonsit,
288 1337 391 1396 eadem
408 1334 463 1396 esse
481 1333 628 1409 incensa,
652 1334 709 1414 quai
722 1351 828 1414 tyran·

140 1438 213 1475 num
222 1415 403 1497 Dionysium
413 1438 421 1477 ε
431 1416 495 1476 huic
505 1417 580 1476 mori
589 1415 733 1496 optimum
747 1412 827 1490 esse,

141 1514 263 1576 propter
291 1494 520 1578 desperationem
545 1495 720 1576 sapientiae3
749 1495 825 1569 illi,

142 1595 265 1656 propter
282 1575 299 1634 s
316 1597 364 1636 em
385 1622 395 1651 ,
422 1578 522 1638 vivere
543 1598 551 1635 ι
580 1590 709 1656 peccata.
724 1593 825 1635 autem

140 1659 274 1737 partime
298 1657 612 1737 etolerabilia,partinr
622 1655 824 1730 nullomodo,

140 1755 298 1817 propterea
322 1736 401 1818 quod
423 1738 477 1798 alia
491 1754 608 1816 peccata
629 1737 751 1818 plures,
770 1737 826 1796 alia

140 1821 290 1907 pauciores
299 1823 380 1899 quasi
388 1838 524 1878 numeros
537 1815 623 1876 officii
633 1819 825 1896 praeterirent:

140 1919 200 1977 Jam
208 1901 372 1978 insipientes
383 1900 455 1959 alios
465 1900 504 1957 ita
513 1896 571 1957 esse
580 1941 589 1969 ‚
599 1914 630 1956 ut
640 1897 720 1963 nullo
731 1897 826 1955 modo

140 1978 179 2038 ad
200 1977 367 2059 sapientiam
385 1977 500 2058 possent
523 1979 702 2055 pervenire3
726 1976 828 2049 alios,

142 2059 192 2140 qui
220 2056 363 2140 possent,
384 2061 407 2118 si
433 2058 465 2118 id
486 2053 632 2140 egissent,
661 2054 830 2137 sapientiam

145 2137 296 2216 consequi.
693 2190 712 2197 ..
808 2167 812 2197 :

191 2234 236 2295 57.
250 2217 308 2274 Hic
322 2214 494 2294 loquebatur
509 2213 591 2272 aliter
602 2228 689 2292 atque
700 2230 830 2283 otnnes.;

132 2295 289 2356 ,sentiebat
299 2294 378 2354 idem
392 2293 473 2375 quod
492 2294 600 2352 ceteri:
622 2312 677 2353 nec
691 2293 764 2353 vero
777 2284 831 2356 ms·

144 2378 224 2436 noris
234 2374 398 2435 aestimanda
407 2373 532 2433 ducebat
542 2392 594 2446 ea,
607 2393 669 2453 quae
679 2371 738 2454 ipse
748 2373 828 2435 bona

144 2474 265 2536 negaret
280 2453 357 2529 esse,
378 2455 465 2536 quim
477 2453 538 2527 ilii,
559 2454 608 2534 qui
626 2473 660 2514 ea
675 2453 753 2514 bona
771 2451 830 2515 esse

144 2536 288 2597 dicebant.
310 2535 391 2616 Quid
411 2538 496 2619 igitur
512 2536 605 2596 voluit
617 2535 692 2609 sibi,
712 2538 760 2616 qui
779 2535 830 2595 illa

144 2617 299 2678 mutaverit
311 2616 322 2676 ?
344 2615 452 2678 Saltem
466 2616 573 2696 aliquid
584 2616 621 2675 de
632 2616 764 2694 pondere
775 2613 831 2675 de·

144 2695 269 2755 traxisset
283 2739 292 2766 ,
305 2697 337 2755 &
349 2698 435 2774 paulo
445 2697 565 2755 minoris
575 2693 763 2754 aestimavisset
774 2713 828 2767 ea,

145 2775 233 2853 quim
240 2774 440 2852 Peripatetici,
453 2792 485 2832 ut
495 2774 599 2833 sentire
626 2793 723 2852 uoque
734 2771 832 2845 aliud,

147 2873 210 2912 non
224 2851 318 2911 solum
330 2853 426 2911 dicere
436 2851 594 2912 videretur.
606 2795 714 2929 Quid?
729 2850 766 2910 de
777 2851 835 2930 ipsa

145 2934 237 2995 beata
263 2931 347 3006 uita,
368 2931 507 3015 adquam
530 2931 628 2991 omnia
647 2929 835 3008 referuntur„

660 3009 722 3095 Iiij
