2125 4067
261 512 310 589 88
423 513 498 583 Da
534 454 780 584 rrnrnusl

263 636 266 646 ’
297 627 327 688 id
349 625 502 709 perficeret
522 627 714 708 imprudens,
740 627 822 711 quod
844 625 948 691 offen-3

281 725 343 770 eret
361 712 473 769 animos
491 707 670 781 hominum,
690 727 738 769 aut
796 710 944 790 idquam,

259 807 355 870 equo
370 789 492 849 oriretur
505 788 606 871 aliquis
625 789 720 850 dolor.
773 810 806 849 os
825 790 944 871 quidem

258 871 399 943 virtutes,
418 872 458 929 sic
473 884 547 929 natae
563 868 675 942 sumus,
693 887 725 930 ut
742 870 798 929 ribi
816 868 946 933 servire·

260 968 345 1011 mus:
360 950 436 1009 aliud
453 950 564 1031 negotii
581 949 649 1009 nihii
662 950 812 1011 habemus.

300 1028 418 1091 XXII.
444 1029 486 1089 At
504 1051 541 1090 ne
563 1048 591 1090 at
609 1028 747 1110 Epicurus
765 1028 850 1112 (hoc
866 1029 945 1090 enim
961 1061 963 1064 ·

255 1109 385 1172 'vestrum
399 1111 497 1170 lumen
515 1050 580 1200 ed)
599 1130 801 1192 quemquam,
819 1110 869 1190 qui
886 1108 944 1170 ho·

258 1190 337 1253 nestd
354 1210 415 1251 non
434 1190 514 1251 vivat
533 1235 543 1263 ,
564 1189 689 1269 jucund!
708 1188 789 1271 poss'e
811 1192 945 1251 vivere:

257 1273 340 1353 quasi
359 1291 416 1353 ego
437 1269 468 1329 id
486 1290 610 1344 curem,
633 1269 703 1351 qnid
722 1271 770 1331 ille
791 1271 877 1344 aiat,
900 1284 947 1329 am

259 1369 367 1433 neget:
387 1349 457 1410 illud
468 1371 567 1431 quaero
578 1395 587 1424 ,
598 1350 666 1432 quid
683 1352 730 1426 ei,
746 1351 796 1433 qui
809 1352 840 1410 in
861 1350 948 1412 volu·

260 1449 342 1512 prate
359 1430 501 1491 summum
519 1432 632 1491 bonum
695 1448 770 1505 nat,
792 1428 948 1491 consenta-

261 1530 351 1572 neum
367 1514 402 1570 sit
414 1511 519 1572 dicere.
532 1511 615 1591 Quid
626 1453 728 1587 adeona,
740 1533 789 1571 cur
798 1509 947 1586 Thorius,

262 1612 314 1652 eur
329 1590 489 1652 Postumius
504 1634 514 1663 ,
535 1613 584 1651 cur
600 1589 689 1652 Chius
707 1637 717 1666 ‚
740 1613 793 1653 cur
814 1594 947 1653 omnium

260 1670 368 1732 horum
386 1670 539 1796 maffiister,
556 1670 675 1747 Orata,
694 1694 756 1732 non
775 1670 949 1749 jucundissi-

262 1753 312 1813 me
328 1755 449 1814 vixerit.
474 1750 538 1833 lpse
553 1772 660 1835 negat,
672 1770 704 1812 ut
716 1753 783 1813 ante
802 1752 884 1826 dixi,
904 1753 950 1812 lu·

261 1833 443 1895 xuriosorum
465 1835 556 1894 vitani
579 1831 876 1913 reprehendendam,
897 1833 949 1892 nisi

263 1913 350 1995 piane
366 1913 437 1974 fatui
454 1915 529 1986 sint,
548 1914 578 1973 id
595 1912 655 1987 est,
675 1915 727 1973 nisi
746 1930 795 1973 aut
811 1914 950 1994 cupiant,

258 2012 312 2054 *aut
340 2012 496 2056 metuant:
528 2015 648 2076 quarum
675 1994 829 2057 ambarum
854 2012 950 2056 rerum

264 2094 355 2155 quum
375 2075 548 2135 medicinam
568 2075 753 2155 pollicetur,
776 2074 897 2135 luxuria
917 2074 950 2137 Β·

265 2155 392 2214 centiam
416 2154 569 2235 pollicetur
593 2175 600 2212 :
627 2155 670 2213 his
691 2157 767 2216 enim
785 2155 873 2216 rebus
897 2153 950 2215 de·

266 2233 361 2294 tradis
372 2279 381 2308 ,
394 2251 480 2318 negat
496 2233 525 2294 se
540 2237 666 2315 reperire
681 2235 711 2295 in
729 2233 878 2297 asotorum
893 2236 950 2297 vita

206 2320 209 2325 ’
266 2315 349 2396 quod
364 2337 395 2377 re
432 2314 568 2377 ehendat.

305 2413 356 2470 7¹·
411 2417 450 2454 on
461 2398 546 2477 igitur
562 2393 700 2476 potestis,
717 2394 876 2475 voluptate
886 2414 951 2456 om·

265 2473 313 2535 nia
324 2474 497 2555 dirigentes,
515 2492 563 2534 aut
579 2479 673 2548 meri,
691 2494 739 2536 aut
754 2477 951 2537 retinere-vir·

266 2569 376 2613 tutem:
393 2575 459 2613 nam
476 2576 532 2616 nec
547 2557 591 2614 vir
608 2557 701 2615 bonus
712 2577 747 2615 ac
762 2553 851 2633 justus
861 2556 951 2616 habe·

134 2686 139 2693 .
264 2635 291 2694 ri
311 2634 420 2729 debet,
434 2637 483 2730 qui
493 2681 502 2708 ,
514 2655 554 2694 ne
564 2636 671 2694 malum
684 2636 810 2710 habeat,
829 2635 951 2698 abstinet

134 2732 139 2737 ·
266 2712 297 2776 fe
316 2715 352 2775 ab
369 2736 480 2796 injuna.
499 2713 583 2776 Nosti
600 2715 689 2776 credo
702 2716 792 2777 illud:

268 2849 357 2902 Nemo.
363 2848 417 2917 pius
431 2848 479 2911 esi,
496 2846 535 2914 qui
545 2845 680 2915 pietatem.
699 2883 707 2900 .
726 2882 740 2899 a

269 2956 353 3019 Cave
378 2957 533 3040 quidquam
560 2977 644 3039 putes
667 2957 725 3018 effe
750 2960 873 3020 verius:
899 2980 951 3023 nee

268 3040 367 3113 uum,
385 3038 455 3099 dum
469 3041 592 3114 metuit,
609 3036 697 3119 jusus
717 3037 779 3114 eii3
798 3041 832 3102 δι
854 3042 958 3117 certi,
