2125 4067
261 582 340 656 274
417 552 496 633 Dr·
530 578 784 635 rrtrrrvs

260 675 330 739 tet?
350 676 484 739 minime:
503 674 552 736 sed
572 669 614 736 illi
630 678 706 758 ipsi,
729 676 778 761 qui
794 676 950 764 voluptate

260 760 294 819 δι
315 756 419 818 dolore
441 760 539 819 omnia
556 758 712 819 metiuntur
729 805 740 835 ‚
760 776 863 823 nonne
885 763 944 823 tla-

258 855 362 913 mant,
385 838 514 920 Sapienti
526 832 599 977 tslus
619 837 676 899 sem
700 858 732 899 er
748 831 847 902 adesse
867 838 944 923 quod

260 920 351 995 velit,
365 920 451 1002 quim
465 933 523 1001 quo
555 918 647 979 nolit?
660 860 762 999 (guum
774 936 888 982 rantum
899 924 946 1005 ige·

259 1016 307 1061 tur
326 1002 356 1060 in
373 1005 480 1063 virture
499 1014 611 1081 ponant
631 998 649 1057 ii
668 1045 678 1072 ‚
695 1002 745 1081 qui
766 996 797 1060 se
821 1001 945 1064 fatentur

257 1085 373 1142 virtutis
390 1080 493 1152 causi,
509 1082 563 1138 nisi
580 1098 613 1140 ea
629 1080 813 1160 vollrptatem
829 1086 932 1144 acciret

259 1182 299 1222 ne
323 1178 440 1239 manum
461 1160 578 1243 quidem
599 1156 731 1219 versuros
752 1156 834 1222 fuilse
846 1183 856 1236 ;
877 1128 945 1246 quiel

258 1241 357 1303 lacere
373 1254 427 1303 nos
442 1253 579 1323 oportet,
590 1234 781 1321 quiquamvis
793 1243 942 1321 minlmarrt

260 1314 347 1383 inin'tl
361 1312 550 1403 praestantiam
564 1318 699 1380 omnibus
714 1321 801 1383 botris
814 1328 942 1463 coporis

259 1402 371 1463 anteire
390 1402 517 1462 dicamus
535 1444 546 1474 ‚
566 1416 598 1460 ut
623 1416 658 1460 ea
680 1418 717 1461 ne
736 1402 767 1460 in
789 1404 942 1485 conpellit

257 1482 375 1564 quidem
396 1479 614 1563 relinquantur?
636 1483 698 1563 quis
717 1482 796 1542 enim
815 1482 875 1560 eli,
895 1482 941 1567 qui

257 1562 322 1625 haec
348 1560 452 1624 cadere
471 1564 500 1622 in
519 1560 679 1643 sapientem
692 1560 795 1623 ¹dicere
818 1566 944 1641 audeat,

256 1658 309 1715 tit,
322 1646 344 1703 si
359 1642 421 1704 lieri
439 1642 550 1724 possit,
566 1645 702 1703 virtutem
720 1640 750 1703 ln
766 1658 941 1727 perpetuum

255 1722 447 1805 abjiciat,'tlt
466 1720 571 1783 dolore
592 1723 673 1783 omni
695 1722 856 1786 liberetur?
879 1729 940 1809 quis

255 1802 387 1867 nostrltm
405 1805 527 1879 dixerit,
540 1824 614 1885 quos
629 1818 690 1862 non
702 1800 798 1884 pudet
811 1824 865 1883 ea,
915 1829 941 1867 ε

253 1872 347 1947 Stoici
366 1884 465 1967 aspera
481 1882 600 1959 dicunt,
616 1882 692 1944 mala
706 1880 826 1961 dicere,
840 1908 887 1948 me
897 1889 939 1948 ile

254 1958 334 2043 effe,
351 1969 472 2049 turpiter
485 1956 591 2048 aliquid
605 1962 702 2025 facere
716 1978 783 2025 cunt
793 1968 940 2051 ¹velupta-¹

253 2056 305 2123 te,
317 2047 404 2128 qulm
419 2045 541 2107 honeste
558 2060 623 2106 cum
640 2042 770 2106 dolote?
792 2096 794 2101 .
853 2062 855 2066 '

295 2144 345 2207 94.
368 2120 462 2187 Nobis
483 2122 675 2187 Heracleotes
702 2125 751 2186 ille
773 2122 938 2207 Dionysius

252 2208 397 2291 flagitioie
419 2204 564 2269 desci'ville
577 2207 692 2267 viderur
710 2205 848 2267 aStbicis
870 2230 937 2289 pro·

276 2306 320 2350 ter
341 2291 493 2351 oculorum
507 2289 659 2349 dolorem:
683 2289 764 2367 quasi
784 2290 859 2349 verb
880 2289 935 2348 hoc

275 2368 393 2430 'dicillet
417 2394 433 2429 a
452 2371 595 2444 Zenone,
615 2386 675 2428 non
697 2366 825 2440 dolere,
845 2388 937 2449 quum

248 2446 388 2509 doleret?
406 2449 483 2509 Illud
499 2450 647 2523 audierat,
670 2468 725 2508 nee
742 2464 839 2509 tamen
856 2444 933 2508 didi·

249 2538 352 2600 bekae,
373 2526 481 2588 malu'm
497 2530 571 2588 illud
588 2527 719 2607 tenelle
731 2574 747 2605 ,
763 2522 937 2611 qiiiffalurpe

247 2630 310 2669 non
326 2607 415 2683 effet3
435 2602 539 2670 &elle
559 2600 712 2669 letendu'm
732 2602 808 2670 viro.
831 2604 887 2671 Hic
909 2612 932 2668 si

248 2682 580 2771 Peripateticis'fuillet,
595 2686 810 2773 permansisset,
826 2691 933 2767 c'redo,

247 2766 278 2833 in
297 2770 455 2848 sententia,
468 2774 606 2855 quoniam
622 2770 756 2831 dolorem
768 2771 868 2841 dicunt
878 2784 936 2831 ma·

246 2846 308 2916 lum
326 2852 398 2916 esse:
413 2852 450 2916 de
466 2854 615 2937 asperitate
626 2864 723 2912 autem
737 2840 800 2931 ejus
820 2844 934 2913 fortiter

245 2926 369 2997 ferendi
391 2940 559 3018 praecipiunt
584 2934 717 3007 eadem,
742 2953 807 3013 quae
832 2932 932 2994 Stoici.

245 3013 286 3073 Et
305 3018 422 3098 quidem
439 3015 583 3078 Arcesilas
599 3033 680 3088 tuus,
697 3014 750 3073 etsi
764 3011 819 3074 fuit
835 3018 865 3074 in
877 3014 932 3072 dis·

244 3084 368 3159 ferendo
391 3099 595 3177 pertinacior,
618 3104 716 3155 tamen
733 3092 832 3156 nester
855 3093 930 3155 fuir:
