2125 4067
308 483 474 558 Lam
509 496 754 572 quimus.
800 498 873 578 521

187 601 301 678 ticum,
321 603 408 685 quim
428 605 528 663 civitas
547 601 700 664 universa?
721 601 825 681 Quid?
840 599 879 661 ad

186 683 268 745 hanc
295 683 526 754 fortitudinem,
554 683 591 743 de
625 705 680 764 qua
704 684 877 764 loquimur,

187 765 389 844 temperanti&
408 761 556 841 adjundlal',
569 785 632 844 quae
646 766 682 823 sit
698 763 876 827 moderatrix

187 847 328 904 omnium
351 846 581 903 commotionum
600 864 610 914 3
632 839 815 924 quidpotest
836 841 875 902 ad

182 906 280 985 beate
304 925 464 984 vivendum
483 921 578 989 deesse
596 926 641 996 ei,
659 943 746 1002 quem
762 921 878 981 fortitu·

189 1003 233 1064 do
248 1004 285 1062 ab
299 1005 465 1086 aegtitudine
480 1004 511 1063 &
526 1022 632 1063 ametu
645 1003 771 1064 vindicet
781 1023 790 1073 ;
802 1020 877 1061 tem-

179 1088 325 1165 perantia
342 1101 405 1142 tum
423 1106 439 1143 a
455 1083 574 1143 libidine
596 1100 702 1143 avocet
720 1129 730 1155 ‚
747 1101 808 1143 tum
828 1082 876 1140 in·

188 1163 296 1225 solenti
315 1164 460 1224 alacritate
483 1162 587 1245 gestire
605 1185 666 1224 non
682 1166 754 1223 sinat
772 1163 783 1224 ἓ
803 1161 875 1220 Hac

186 1242 309 1323 ¹efficere
331 1247 468 1304 virtutem
488 1243 699 1316 ostenderem,
718 1246 772 1305 nisi
792 1241 877 1322 supe·

185 1326 315 1397 ¹rioribus
334 1324 435 1384 diebus
450 1321 540 1384 effent
557 1325 708 1405 explicata.
801 1364 803 1369 -

234 1403 263 1463 X
273 1405 312 1463 V.
333 1405 423 1486 Atqui
436 1426 525 1485 quum
536 1406 767 1485 perturbationes
787 1401 876 1461 animi

190 1484 341 1559 miseram,
360 1484 521 1545 sedationes
532 1502 630 1545 autem
646 1488 735 1545 vitam
749 1481 875 1543 efficiant

190 1564 309 1627 beatam
329 1585 337 1637 ;
364 1565 528 1644 duplexque
557 1568 628 1625 ratio
651 1564 875 1646 perturbationis

190 1646 246 1721 sit,
260 1647 340 1726 qubd
357 1647 497 1726 aegtitudo
514 1646 547 1705 δι
559 1663 652 1705 metus
670 1648 698 1703 in
712 1644 793 1704 malis
805 1643 875 1721 opi-

185 1729 291 1803 natis,
308 1728 338 1785 in
363 1726 508 1792 bonorum
533 1743 631 1784 autem
656 1745 754 1785 errore
776 1722 875 1783 laetitia

190 1803 334 1886 gestiens,
350 1805 497 1886 libidoque
516 1804 682 1865 versentur:
702 1824 790 1884 quum
810 1803 872 1867 haec

191 1888 291 1945 omnia
313 1885 514 1945 cumconsilio
538 1887 570 1945 &
589 1889 701 1944 ratione
723 1900 874 1964 pugnem

192 1963 237 2025 his
256 1983 287 2025 tu
301 1983 363 2025 tam
378 1966 514 2045 gravibus
526 1965 765 2022 concitationibus
776 2007 788 2034 ,
799 1980 875 2022 tam·

212 2064 249 2107 ue
281 2048 348 2124 ipsis
375 2048 450 2104 inter
479 2042 508 2103 se
537 2041 760 2104 dissentientibus
787 2059 875 2120 atque

190 2064 345 2197 dimitiis,
364 2145 452 2206 quem
470 2144 612 2194 vacuum,
632 2122 776 2191 solutum,
797 2121 873 2181 libe-

189 2226 255 2285 {um
269 2205 375 2266 videtis
385 2251 394 2277 ‚
406 2206 480 2264 hunc
497 2204 639 2263 dubitabis
655 2205 771 2262 beatum
792 2201 874 2261 dice·

187 2285 243 2347 re?
264 2285 356 2365 Atqui
368 2284 478 2365 sapiens
495 2283 607 2364 semper
623 2285 663 2342 ita
677 2281 793 2342 affedus
810 2279 872 2340 est:

189 2366 304 2447 setuper
327 2368 413 2446 igitur
435 2363 546 2444 sapiens
571 2366 672 2424 beatus
699 2359 750 2422 est.
780 2360 875 2442 Atqui

189 2449 279 2509 etiam
304 2445 527 2505 omnebonum
553 2444 675 2504 laetabile
698 2441 764 2502 ell:
789 2440 872 2524 quud

187 2547 287 2589 autem
307 2526 454 2598 laetabile‚
474 2525 505 2584 id
526 2523 738 2605 praedicandum
756 2522 787 2582 &
811 2543 871 2617 ptae

187 2606 219 2669 se
238 2607 407 2667 ferendam:
426 2605 506 2686 quod
521 2605 580 2665 tale
597 2625 713 2678 autem,
728 2603 758 2663 id
781 2621 871 2664 enam

209 2686 365 2748 lotiosum:
383 2687 496 2745 sivero
516 2685 692 2764 gloriosum,
712 2682 789 2744 cette
809 2683 871 2742 lau·

187 2708 285 2829 {abile
302 2789 313 2827 τ
328 2764 409 2845 quod
431 2781 527 2823 autem
551 2764 718 2837 laudabile,
738 2760 870 2841 profeblb

188 2850 277 2909 ctiam
293 2843 461 2907 honestum:
483 2842 564 2924 quod
584 2843 696 2903 bonum
714 2843 819 2922 igitur,
836 2839 870 2903 id

187 2927 352 2991 honestum.

228 3029 280 3085 ⁴4·
300 3006 341 3070 At
357 3025 421 3089 que
436 3002 479 3066 isti
494 3004 574 3067 bona
589 3016 810 3080 numerant,ue
823 2999 869 3084 ἰν,
