<?xml version="1.0" encoding="UTF-8"?>
<!DOCTYPE html PUBLIC "-//W3C//DTD XHTML 1.0 Transitional//EN"
    "http://www.w3.org/TR/xhtml1/DTD/xhtml1-transitional.dtd">
<html xmlns="http://www.w3.org/1999/xhtml" xml:lang="en" lang="en">
 <head>
  <title>
</title>
<meta http-equiv="Content-Type" content="text/html;charset=utf-8" />
  <meta name='ocr-system' content='tesseract 3.04.00' />
  <meta name='ocr-capabilities' content='ocr_page ocr_carea ocr_par ocr_line ocrx_word'/>
</head>
<body>
  <div class='ocr_page' id='page_1' title='image "./mtulliiciceroni00lallgoog_0474.png"; bbox 0 0 2125 4067; ppageno 0'>
   <div class='ocr_carea' id='block_1_1' title="bbox 187 539 747 636">
    <p class='ocr_par' dir='ltr' id='par_1_1' title="bbox 187 539 747 636">
     <span class='ocr_line' id='line_1_1' title="bbox 187 539 747 636; baseline -0.011 -23"><span class='ocrx_word' id='word_1_1' title='bbox 187 540 268 636; x_wconf 81' lang='lat'>484</span> <span class='ocrx_word' id='word_1_2' title='bbox 314 539 747 607; x_wconf 72' lang='lat' dir='ltr'>Torcurmrurr</span> 
     </span>
    </p>
   </div>
   <div class='ocr_carea' id='block_1_2' title="bbox 185 648 863 795">
    <p class='ocr_par' dir='ltr' id='par_1_2' title="bbox 185 648 863 795">
     <span class='ocr_line' id='line_1_2' title="bbox 186 648 863 731; baseline -0.001 -18"><span class='ocrx_word' id='word_1_3' title='bbox 186 672 247 721; x_wconf 77' lang='lat' dir='ltr'>tem</span> <span class='ocrx_word' id='word_1_4' title='bbox 266 651 393 711; x_wconf 80' lang='lat' dir='ltr'>fabulam</span> <span class='ocrx_word' id='word_1_5' title='bbox 413 651 532 713; x_wconf 86' lang='lat' dir='ltr'>doceret</span> <span class='ocrx_word' id='word_1_6' title='bbox 556 648 741 729; x_wconf 84' lang='lat' dir='ltr'>Euripides,</span> <span class='ocrx_word' id='word_1_7' title='bbox 765 649 863 731; x_wconf 80' lang='lat' dir='ltr'>primur</span> 
     </span>
     <span class='ocr_line' id='line_1_3' title="bbox 185 727 801 795; baseline -0.002 -1"><span class='ocrx_word' id='word_1_8' title='bbox 185 753 243 795; x_wconf 82' lang='lat' dir='ltr'>tres</span> <span class='ocrx_word' id='word_1_9' title='bbox 254 732 352 793; x_wconf 82' lang='lat' dir='ltr'>versus</span> <span class='ocrx_word' id='word_1_10' title='bbox 367 731 515 795; x_wconf 72' lang='lat' dir='ltr'>revocasse</span> <span class='ocrx_word' id='word_1_11' title='bbox 526 730 630 794; x_wconf 79' lang='lat' dir='ltr'>dicitur</span> <span class='ocrx_word' id='word_1_12' title='bbox 640 727 801 793; x_wconf 78' lang='lat' dir='ltr'>Socrates:</span> 
     </span>
    </p>
   </div>
   <div class='ocr_carea' id='block_1_3' title="bbox 184 848 784 1112">
    <p class='ocr_par' dir='ltr' id='par_1_3' title="bbox 184 848 784 1112">
     <span class='ocr_line' id='line_1_4' title="bbox 184 848 730 925; baseline -0.009 -21"><span class='ocrx_word' id='word_1_13' title='bbox 184 856 267 922; x_wconf 80' lang='lat' dir='ltr'>Neque</span> <span class='ocrx_word' id='word_1_14' title='bbox 278 870 326 904; x_wconf 83' lang='lat' dir='ltr'>ram</span> <span class='ocrx_word' id='word_1_15' title='bbox 337 854 449 907; x_wconf 76' lang='lat' dir='ltr'>terribilis</span> <span class='ocrx_word' id='word_1_16' title='bbox 457 848 591 922; x_wconf 72' lang='lat' dir='ltr'>uslafando</span> <span class='ocrx_word' id='word_1_17' title='bbox 600 851 666 907; x_wconf 76' lang='lat' dir='ltr'>mio</span> <span class='ocrx_word' id='word_1_18' title='bbox 676 853 710 925; x_wconf 97' lang='grc' dir='ltr'>ιβ</span> <span class='ocrx_word' id='word_1_19' title='bbox 721 888 730 912; x_wconf 85' lang='grc'>,</span> 
     </span>
     <span class='ocr_line' id='line_1_5' title="bbox 185 943 784 1016; baseline -0.008 -18"><span class='ocrx_word' id='word_1_20' title='bbox 185 950 240 1001; x_wconf 80' lang='lat' dir='ltr'>Nec</span> <span class='ocrx_word' id='word_1_21' title='bbox 246 946 317 1016; x_wconf 78' lang='lat' dir='ltr'>sors,</span> <span class='ocrx_word' id='word_1_22' title='bbox 335 968 378 1000; x_wconf 74' lang='grc' dir='ltr'>ηιι</span> <span class='ocrx_word' id='word_1_23' title='bbox 387 947 425 999; x_wconf 69' lang='lat' dir='ltr'>ira⁴</span> <span class='ocrx_word' id='word_1_24' title='bbox 440 943 540 993; x_wconf 76' lang='lat' dir='ltr'>coelitrmr</span> <span class='ocrx_word' id='word_1_25' title='bbox 548 943 664 1007; x_wconf 63' lang='lat' dir='ltr'>invedum</span> <span class='ocrx_word' id='word_1_26' title='bbox 674 946 784 1003; x_wconf 71' lang='lat' dir='ltr'>malm,</span> 
     </span>
     <span class='ocr_line' id='line_1_6' title="bbox 188 1035 748 1112; baseline -0.002 -23"><span class='ocrx_word' id='word_1_27' title='bbox 188 1041 261 1112; x_wconf 79' lang='lat' dir='ltr'>Quod</span> <span class='ocrx_word' id='word_1_28' title='bbox 270 1058 317 1090; x_wconf 84' lang='lat' dir='ltr'>non</span> <span class='ocrx_word' id='word_1_29' title='bbox 327 1055 412 1090; x_wconf 74' lang='lat' dir='ltr'>natura</span> <span class='ocrx_word' id='word_1_30' title='bbox 419 1038 517 1089; x_wconf 73' lang='lat' dir='ltr'>humana</span> <span class='ocrx_word' id='word_1_31' title='bbox 523 1036 640 1103; x_wconf 71' lang='lat' dir='ltr'>pariendo</span> <span class='ocrx_word' id='word_1_32' title='bbox 649 1035 748 1103; x_wconf 76' lang='lat' dir='ltr'>efflm.</span> 
     </span>
    </p>
   </div>
   <div class='ocr_carea' id='block_1_4' title="bbox 182 1142 866 3148">
    <p class='ocr_par' dir='ltr' id='par_1_4' title="bbox 186 1142 866 2085">
     <span class='ocr_line' id='line_1_7' title="bbox 188 1142 863 1231; baseline -0.007 -22"><span class='ocrx_word' id='word_1_33' title='bbox 188 1146 237 1209; x_wconf 86' lang='lat' dir='ltr'>Est</span> <span class='ocrx_word' id='word_1_34' title='bbox 246 1165 342 1206; x_wconf 83' lang='lat' dir='ltr'>autem</span> <span class='ocrx_word' id='word_1_35' title='bbox 353 1142 863 1231; x_wconf 72' lang='lat' dir='ltr'>urilisodpersuadendum‚ea,qut</span> 
     </span>
     <span class='ocr_line' id='line_1_8' title="bbox 188 1222 860 1305; baseline -0.004 -18"><span class='ocrx_word' id='word_1_36' title='bbox 188 1227 353 1287; x_wconf 80' lang='lat' dir='ltr'>acciderunt</span> <span class='ocrx_word' id='word_1_37' title='bbox 373 1272 383 1301; x_wconf 87' lang='lat'><strong>,</strong></span> <span class='ocrx_word' id='word_1_38' title='bbox 402 1225 473 1287; x_wconf 78' lang='lat' dir='ltr'>serti</span> <span class='ocrx_word' id='word_1_39' title='bbox 494 1224 527 1284; x_wconf 88' lang='lat'>&amp;</span> <span class='ocrx_word' id='word_1_40' title='bbox 546 1222 629 1303; x_wconf 85' lang='lat' dir='ltr'>poffe</span> <span class='ocrx_word' id='word_1_41' title='bbox 651 1224 685 1285; x_wconf 89' lang='lat'>&amp;</span> <span class='ocrx_word' id='word_1_42' title='bbox 706 1240 860 1305; x_wconf 77' lang='lat' dir='ltr'>oportere,</span> 
     </span>
     <span class='ocr_line' id='line_1_9' title="bbox 188 1304 861 1387; baseline -0.004 -20"><span class='ocrx_word' id='word_1_43' title='bbox 188 1309 368 1367; x_wconf 81' lang='lat' dir='ltr'>enumeratio</span> <span class='ocrx_word' id='word_1_44' title='bbox 383 1326 485 1367; x_wconf 88' lang='lat' dir='ltr'>eorum</span> <span class='ocrx_word' id='word_1_45' title='bbox 494 1350 504 1379; x_wconf 93' lang='lat'>‚</span> <span class='ocrx_word' id='word_1_46' title='bbox 514 1306 564 1385; x_wconf 90' lang='lat' dir='ltr'>qui</span> <span class='ocrx_word' id='word_1_47' title='bbox 571 1304 718 1364; x_wconf 85' lang='lat' dir='ltr'>tulerunt:</span> <span class='ocrx_word' id='word_1_48' title='bbox 731 1306 861 1387; x_wconf 79' lang='lat' dir='ltr'>etsiaegn‘·</span> 
     </span>
     <span class='ocr_line' id='line_1_10' title="bbox 187 1382 864 1465; baseline 0 -22"><span class='ocrx_word' id='word_1_49' title='bbox 187 1386 292 1444; x_wconf 82' lang='lat' dir='ltr'>tudinis</span> <span class='ocrx_word' id='word_1_50' title='bbox 304 1384 411 1448; x_wconf 88' lang='lat' dir='ltr'>sedatio</span> <span class='ocrx_word' id='word_1_51' title='bbox 426 1386 458 1447; x_wconf 91' lang='lat'>&amp;</span> <span class='ocrx_word' id='word_1_52' title='bbox 470 1382 604 1445; x_wconf 68' lang='lat' dir='ltr'>hestemi</span> <span class='ocrx_word' id='word_1_53' title='bbox 617 1384 812 1465; x_wconf 82' lang='lat' dir='ltr'>disputatione</span> <span class='ocrx_word' id='word_1_54' title='bbox 825 1404 864 1443; x_wconf 78' lang='lat' dir='ltr'>er·</span> 
     </span>
     <span class='ocr_line' id='line_1_11' title="bbox 186 1464 863 1546; baseline 0 -22"><span class='ocrx_word' id='word_1_55' title='bbox 186 1466 290 1546; x_wconf 83' lang='lat' dir='ltr'>plicata</span> <span class='ocrx_word' id='word_1_56' title='bbox 300 1465 359 1540; x_wconf 89' lang='lat' dir='ltr'>est,</span> <span class='ocrx_word' id='word_1_57' title='bbox 371 1468 401 1527; x_wconf 90' lang='lat'><strong>&amp;</strong></span> <span class='ocrx_word' id='word_1_58' title='bbox 410 1470 440 1526; x_wconf 92' lang='lat' dir='ltr'>in</span> <span class='ocrx_word' id='word_1_59' title='bbox 449 1464 667 1543; x_wconf 78' lang='lat' dir='ltr'>Consolationis</span> <span class='ocrx_word' id='word_1_60' title='bbox 675 1465 753 1525; x_wconf 90' lang='lat' dir='ltr'>libro</span> <span class='ocrx_word' id='word_1_61' title='bbox 763 1508 774 1536; x_wconf 90' lang='lat'>,</span> <span class='ocrx_word' id='word_1_62' title='bbox 784 1483 863 1545; x_wconf 80' lang='lat' dir='ltr'>quen</span> 
     </span>
     <span class='ocr_line' id='line_1_12' title="bbox 188 1538 866 1683; baseline -0.003 -78"><span class='ocrx_word' id='word_1_63' title='bbox 188 1547 217 1605; x_wconf 92' lang='lat' dir='ltr'>in</span> <span class='ocrx_word' id='word_1_64' title='bbox 238 1546 337 1606; x_wconf 91' lang='lat' dir='ltr'>medio</span> <span class='ocrx_word' id='word_1_65' title='bbox 354 1542 373 1623; x_wconf 74' lang='lat'>&#39;(</span> <span class='ocrx_word' id='word_1_66' title='bbox 390 1544 548 1606; x_wconf 85' lang='lat' dir='ltr'>nonenim</span> <span class='ocrx_word' id='word_1_67' title='bbox 565 1540 712 1623; x_wconf 72' lang='lat' dir='ltr'>sapientes</span> <span class='ocrx_word' id='word_1_68' title='bbox 728 1538 866 1683; x_wconf 43' lang='grc' dir='ltr'>ε’πῑιίῐιιιελ4</span> 
     </span>
     <span class='ocr_line' id='line_1_13' title="bbox 188 1622 865 1709; baseline -0.001 -24"><span class='ocrx_word' id='word_1_69' title='bbox 188 1645 316 1685; x_wconf 90' lang='lat' dir='ltr'>moerore</span> <span class='ocrx_word' id='word_1_70' title='bbox 336 1628 368 1685; x_wconf 89' lang='lat'>&amp;</span> <span class='ocrx_word' id='word_1_71' title='bbox 386 1625 487 1685; x_wconf 87' lang='lat' dir='ltr'>dolore</span> <span class='ocrx_word' id='word_1_72' title='bbox 504 1622 730 1705; x_wconf 69' lang='lat' dir='ltr'>conscripsimus</span> <span class='ocrx_word' id='word_1_73' title='bbox 745 1646 755 1698; x_wconf 86' lang='lat'>;</span> <span class='ocrx_word' id='word_1_74' title='bbox 777 1646 833 1709; x_wconf 89' lang='lat' dir='ltr'>quo</span> <span class='ocrx_word' id='word_1_75' title='bbox 863 1644 865 1649; x_wconf 88' lang='lat'>·</span> 
     </span>
     <span class='ocr_line' id='line_1_14' title="bbox 187 1702 866 1789; baseline 0.007 -28"><span class='ocrx_word' id='word_1_76' title='bbox 187 1725 243 1785; x_wconf 90' lang='lat' dir='ltr'>que</span> <span class='ocrx_word' id='word_1_77' title='bbox 261 1723 343 1764; x_wconf 83' lang='lat' dir='ltr'>vetar</span> <span class='ocrx_word' id='word_1_78' title='bbox 359 1704 565 1789; x_wconf 69' lang='lat' dir='ltr'>Chrysippus,</span> <span class='ocrx_word' id='word_1_79' title='bbox 581 1702 866 1789; x_wconf 50' lang='lat' dir='ltr'>&#39;adimentes-quari</span> 
     </span>
     <span class='ocr_line' id='line_1_15' title="bbox 186 1784 866 1861; baseline 0.006 -18"><span class='ocrx_word' id='word_1_80' title='bbox 186 1802 314 1843; x_wconf 87' lang='lat' dir='ltr'>tumores</span> <span class='ocrx_word' id='word_1_81' title='bbox 328 1786 414 1843; x_wconf 82' lang='lat' dir='ltr'>animi</span> <span class='ocrx_word' id='word_1_82' title='bbox 428 1784 588 1844; x_wconf 86' lang='lat' dir='ltr'>remedium</span> <span class='ocrx_word' id='word_1_83' title='bbox 601 1784 746 1847; x_wconf 76' lang='lat' dir='ltr'>adhibere</span> <span class='ocrx_word' id='word_1_84' title='bbox 752 1802 768 1861; x_wconf 88' lang='grc'><em>-·,·</em></span> <span class='ocrx_word' id='word_1_85' title='bbox 776 1786 805 1845; x_wconf 89' lang='lat' dir='ltr'>id</span> <span class='ocrx_word' id='word_1_86' title='bbox 816 1804 866 1847; x_wconf 71' lang='lat' dir='ltr'>uos</span> 
     </span>
     <span class='ocr_line' id='line_1_16' title="bbox 188 1862 866 1945; baseline -0.001 -22"><span class='ocrx_word' id='word_1_87' title='bbox 188 1863 307 1923; x_wconf 86' lang='lat' dir='ltr'>fecimus</span> <span class='ocrx_word' id='word_1_88' title='bbox 318 1907 328 1936; x_wconf 86' lang='lat'>,</span> <span class='ocrx_word' id='word_1_89' title='bbox 341 1864 505 1945; x_wconf 69' lang='lat' dir='ltr'>naturaque</span> <span class='ocrx_word' id='word_1_90' title='bbox 516 1862 738 1926; x_wconf 72' lang='lat' dir='ltr'>vimartulim&#39;ur</span> <span class='ocrx_word' id='word_1_91' title='bbox 748 1874 866 1941; x_wconf 70' lang='lat' dir='ltr'>‚uu&#39;maa</span> 
     </span>
     <span class='ocr_line' id='line_1_17' title="bbox 189 1943 866 2028; baseline 0.009 -27"><span class='ocrx_word' id='word_1_92' title='bbox 189 1943 328 2025; x_wconf 79' lang='lat' dir='ltr'>gnitudini</span> <span class='ocrx_word' id='word_1_93' title='bbox 337 1944 488 2006; x_wconf 82' lang='lat' dir='ltr'>medicinae</span> <span class='ocrx_word' id='word_1_94' title='bbox 496 1943 606 2019; x_wconf 80' lang='lat' dir='ltr'>dolor-is</span> <span class='ocrx_word' id='word_1_95' title='bbox 619 1948 794 2028; x_wconf 75' lang='lat' dir='ltr'>magnitudo</span> <span class='ocrx_word' id='word_1_96' title='bbox 800 1966 866 2007; x_wconf 79' lang='lat' dir='ltr'>tou·</span> 
     </span>
     <span class='ocr_line' id='line_1_18' title="bbox 188 2026 866 2085; baseline -0.006 -2"><span class='ocrx_word' id='word_1_97' title='bbox 188 2026 314 2085; x_wconf 82' lang='lat' dir='ltr'>cederet.</span> <span class='ocrx_word' id='word_1_98' title='bbox 665 2040 669 2051; x_wconf 65' lang='lat'>²</span> <span class='ocrx_word' id='word_1_99' title='bbox 861 2044 866 2053; x_wconf 94' lang='lat'>·</span> 
     </span>
    </p>

    <p class='ocr_par' dir='ltr' id='par_1_5' title="bbox 182 2102 864 3148">
     <span class='ocr_line' id='line_1_19' title="bbox 230 2102 864 2187; baseline 0.005 -24"><span class='ocrx_word' id='word_1_100' title='bbox 230 2103 346 2163; x_wconf 87' lang='lat' dir='ltr'><strong>XXX.</strong></span> <span class='ocrx_word' id='word_1_101' title='bbox 362 2102 420 2164; x_wconf 86' lang='lat' dir='ltr'>Sed</span> <span class='ocrx_word' id='word_1_102' title='bbox 433 2106 610 2186; x_wconf 69' lang='lat' dir='ltr'>egritudini,</span> <span class='ocrx_word' id='word_1_103' title='bbox 624 2105 663 2167; x_wconf 90' lang='lat' dir='ltr'>de</span> <span class='ocrx_word' id='word_1_104' title='bbox 678 2127 736 2187; x_wconf 84' lang='lat' dir='ltr'>qua</span> <span class='ocrx_word' id='word_1_105' title='bbox 750 2104 816 2166; x_wconf 80' lang='lat' dir='ltr'>saris</span> <span class='ocrx_word' id='word_1_106' title='bbox 826 2102 864 2166; x_wconf 76' lang='lat' dir='ltr'>est</span> 
     </span>
     <span class='ocr_line' id='line_1_20' title="bbox 189 2183 864 2268; baseline 0.006 -25"><span class='ocrx_word' id='word_1_107' title='bbox 189 2184 379 2265; x_wconf 84' lang='lat' dir='ltr'>disputatum,</span> <span class='ocrx_word' id='word_1_108' title='bbox 397 2183 532 2244; x_wconf 82' lang='lat' dir='ltr'>finitimus</span> <span class='ocrx_word' id='word_1_109' title='bbox 551 2183 592 2244; x_wconf 88' lang='lat' dir='ltr'>est</span> <span class='ocrx_word' id='word_1_110' title='bbox 611 2204 732 2259; x_wconf 81' lang='lat' dir='ltr'>merus;</span> <span class='ocrx_word' id='word_1_111' title='bbox 756 2187 864 2268; x_wconf 83' lang='lat' dir='ltr'>dequo</span> 
     </span>
     <span class='ocr_line' id='line_1_21' title="bbox 188 2263 864 2344; baseline 0.003 -21"><span class='ocrx_word' id='word_1_112' title='bbox 188 2286 278 2344; x_wconf 87' lang='lat' dir='ltr'>pauca</span> <span class='ocrx_word' id='word_1_113' title='bbox 295 2264 416 2324; x_wconf 85' lang='lat' dir='ltr'>dicenda</span> <span class='ocrx_word' id='word_1_114' title='bbox 434 2264 523 2324; x_wconf 75' lang='lat' dir='ltr'>sunt:</span> <span class='ocrx_word' id='word_1_115' title='bbox 546 2263 586 2325; x_wconf 83' lang='lat' dir='ltr'>est</span> <span class='ocrx_word' id='word_1_116' title='bbox 606 2268 685 2326; x_wconf 91' lang='lat' dir='ltr'>enim</span> <span class='ocrx_word' id='word_1_117' title='bbox 699 2270 814 2339; x_wconf 69' lang='lat' dir='ltr'>metuo,</span> <span class='ocrx_word' id='word_1_118' title='bbox 833 2282 864 2327; x_wconf 83' lang='lat' dir='ltr'>ut</span> 
     </span>
     <span class='ocr_line' id='line_1_22' title="bbox 186 2344 864 2436; baseline 0.001 -33"><span class='ocrx_word' id='word_1_119' title='bbox 186 2346 327 2436; x_wconf 54' lang='lat' dir='ltr'>egritudo</span> <span class='ocrx_word' id='word_1_120' title='bbox 346 2344 516 2424; x_wconf 84' lang='lat' dir='ltr'>praesentis‚</span> <span class='ocrx_word' id='word_1_121' title='bbox 536 2349 575 2405; x_wconf 85' lang='lat' dir='ltr'>sic</span> <span class='ocrx_word' id='word_1_122' title='bbox 594 2346 644 2408; x_wconf 86' lang='lat' dir='ltr'>isle</span> <span class='ocrx_word' id='word_1_123' title='bbox 665 2347 753 2407; x_wconf 86' lang='lat' dir='ltr'>futuri</span> <span class='ocrx_word' id='word_1_124' title='bbox 774 2346 864 2405; x_wconf 77' lang='lat' dir='ltr'>mali:</span> 
     </span>
     <span class='ocr_line' id='line_1_23' title="bbox 185 2425 861 2578; baseline -0.001 -19"><span class='ocrx_word' id='word_1_125' title='bbox 185 2425 621 2578; x_wconf 51' lang='lat' dir='ltr'>iiiuiss&#39;fflieiissssissff</span> <span class='ocrx_word' id='word_1_126' title='bbox 632 2445 861 2567; x_wconf 53' lang='lat' dir='ltr'>Eiidem:</span> 
     </span>
     <span class='ocr_line' id='line_1_24' title="bbox 185 2581 857 2666; baseline 0.001 -26"><span class='ocrx_word' id='word_1_127' title='bbox 185 2598 245 2641; x_wconf 90' lang='lat' dir='ltr'>turn</span> <span class='ocrx_word' id='word_1_128' title='bbox 264 2583 482 2663; x_wconf 68' lang='lat' dir='ltr'>praemolestiam</span> <span class='ocrx_word' id='word_1_129' title='bbox 496 2586 700 2664; x_wconf 82' lang='lat' dir='ltr'>appellabant,</span> <span class='ocrx_word' id='word_1_130' title='bbox 720 2581 798 2666; x_wconf 62' lang='lat' dir='ltr'>qood</span> <span class='ocrx_word' id='word_1_131' title='bbox 815 2581 857 2642; x_wconf 82' lang='lat' dir='ltr'>est</span> 
     </span>
     <span class='ocr_line' id='line_1_25' title="bbox 185 2663 861 2745; baseline 0.003 -25"><span class='ocrx_word' id='word_1_132' title='bbox 185 2665 264 2743; x_wconf 81' lang='lat' dir='ltr'>quasi</span> <span class='ocrx_word' id='word_1_133' title='bbox 283 2665 340 2721; x_wconf 87' lang='lat' dir='ltr'>dux</span> <span class='ocrx_word' id='word_1_134' title='bbox 357 2663 559 2744; x_wconf 82' lang='lat' dir='ltr'>consequentis</span> <span class='ocrx_word' id='word_1_135' title='bbox 578 2666 726 2727; x_wconf 81' lang='lat' dir='ltr'>moleffiae.</span> <span class='ocrx_word' id='word_1_136' title='bbox 744 2664 861 2745; x_wconf 79' lang='lat' dir='ltr'>Quibus</span> 
     </span>
     <span class='ocr_line' id='line_1_26' title="bbox 184 2742 862 2824; baseline 0.001 -23"><span class='ocrx_word' id='word_1_137' title='bbox 184 2745 268 2824; x_wconf 85' lang='lat' dir='ltr'>igitur</span> <span class='ocrx_word' id='word_1_138' title='bbox 281 2745 436 2803; x_wconf 86' lang='lat' dir='ltr'>rationibus</span> <span class='ocrx_word' id='word_1_139' title='bbox 449 2743 578 2804; x_wconf 72' lang='lat' dir='ltr'>instantia</span> <span class='ocrx_word' id='word_1_140' title='bbox 588 2745 720 2807; x_wconf 81' lang='lat' dir='ltr'>feruutur</span> <span class='ocrx_word' id='word_1_141' title='bbox 734 2791 743 2818; x_wconf 93' lang='lat'>‚</span> <span class='ocrx_word' id='word_1_142' title='bbox 756 2742 862 2806; x_wconf 81' lang='lat' dir='ltr'>eisdem</span> 
     </span>
     <span class='ocr_line' id='line_1_27' title="bbox 184 2824 863 2904; baseline -0.001 -22"><span class='ocrx_word' id='word_1_143' title='bbox 184 2842 407 2884; x_wconf 88' lang='lat' dir='ltr'>contemnuntur</span> <span class='ocrx_word' id='word_1_144' title='bbox 429 2824 593 2904; x_wconf 85' lang='lat' dir='ltr'>sequentia:</span> <span class='ocrx_word' id='word_1_145' title='bbox 615 2850 683 2887; x_wconf 83' lang='lat' dir='ltr'>nam</span> <span class='ocrx_word' id='word_1_146' title='bbox 704 2824 863 2887; x_wconf 88' lang='lat' dir='ltr'>videndum</span> 
     </span>
     <span class='ocr_line' id='line_1_28' title="bbox 185 2902 863 2986; baseline 0 -24"><span class='ocrx_word' id='word_1_147' title='bbox 185 2904 267 2963; x_wconf 85' lang='lat' dir='ltr'>estin</span> <span class='ocrx_word' id='word_1_148' title='bbox 283 2905 405 2985; x_wconf 83' lang='lat' dir='ltr'>utrisque</span> <span class='ocrx_word' id='word_1_149' title='bbox 420 2951 429 2977; x_wconf 89' lang='lat'>‚</span> <span class='ocrx_word' id='word_1_150' title='bbox 450 2925 486 2964; x_wconf 89' lang='lat' dir='ltr'>ne</span> <span class='ocrx_word' id='word_1_151' title='bbox 501 2908 573 2986; x_wconf 89' lang='lat' dir='ltr'>quid</span> <span class='ocrx_word' id='word_1_152' title='bbox 586 2908 716 2980; x_wconf 89' lang='lat' dir='ltr'>humile,</span> <span class='ocrx_word' id='word_1_153' title='bbox 736 2902 863 2966; x_wconf 90' lang='lat' dir='ltr'>summis·</span> 
     </span>
     <span class='ocr_line' id='line_1_29' title="bbox 184 2983 862 3061; baseline 0.004 -21"><span class='ocrx_word' id='word_1_154' title='bbox 184 2983 266 3055; x_wconf 89' lang='lat' dir='ltr'>sum,</span> <span class='ocrx_word' id='word_1_155' title='bbox 285 2987 394 3057; x_wconf 83' lang='lat' dir='ltr'>molle,</span> <span class='ocrx_word' id='word_1_156' title='bbox 413 2983 631 3061; x_wconf 85' lang='lat' dir='ltr'>effeminatum,</span> <span class='ocrx_word' id='word_1_157' title='bbox 649 2987 793 3060; x_wconf 74' lang='lat' dir='ltr'>fredum,</span> <span class='ocrx_word' id='word_1_158' title='bbox 809 2985 862 3049; x_wconf 80' lang='lat' dir='ltr'>ah-</span> 
     </span>
     <span class='ocr_line' id='line_1_30' title="bbox 182 3059 861 3148; baseline 0.007 -28"><span class='ocrx_word' id='word_1_159' title='bbox 182 3059 346 3148; x_wconf 73' lang='lat' dir='ltr'>jesiu&#39;mque</span> <span class='ocrx_word' id='word_1_160' title='bbox 362 3065 512 3141; x_wconf 75' lang='lat' dir='ltr'>suciamus.</span> <span class='ocrx_word' id='word_1_161' title='bbox 537 3065 597 3126; x_wconf 87' lang='lat' dir='ltr'>Sed</span> <span class='ocrx_word' id='word_1_162' title='bbox 623 3087 800 3148; x_wconf 77' lang='lat' dir='ltr'>quamquam</span> <span class='ocrx_word' id='word_1_163' title='bbox 824 3065 861 3125; x_wconf 78' lang='lat' dir='ltr'>de</span> 
     </span>
    </p>
   </div>
   <div class='ocr_carea' id='block_1_5' title="bbox 0 0 1068 4067">
    <p class='ocr_par' dir='ltr' id='par_1_6' title="bbox 0 0 1068 4067">
     <span class='ocr_line' id='line_1_31' title="bbox 0 0 1068 4067; baseline 0 0"><span class='ocrx_word' id='word_1_164' title='bbox 0 0 1068 4067; x_wconf 95' lang='lat' dir='ltr'> </span> 
     </span>
    </p>
   </div>
  </div>
 </body>
</html>
