2125 4067
186 1111 190 1113 2
255 1049 373 1140 D
431 1047 536 1137 E
669 1045 1083 1137 FJN
1137 1048 1209 1134 I
1262 1048 1355 1135 B
1412 1047 1508 1162 U
1562 1051 1628 1136 s

416 1232 812 1296 ·L113ER
888 1231 1437 1326 TERTIUS.

265 1388 810 1468 'VIRTUTEM
862 1389 1310 1490 ffficmmum
1346 1393 1639 1482 bortumj

368 1515 544 1581 turpe
565 1493 701 1560 νενὸ
713 1491 1029 1582 summum
1049 1493 1285 1558 malum
1302 1542 1325 1574 ,
1353 1515 1435 1557 ex
1458 1494 1513 1557 S
1514 1493 1629 1558 toi·

275 1628 283 1635 ·
366 1613 584 1657 corum
622 1587 884 1678 placitis
933 1583 1203 1672 defendit
1253 1587 1410 1653 Cato
1450 1638 1473 1670 ,
1513 1587 1633 1675 fid

270 1710 278 1716 ·
364 1684 693 1755 vocabulis
730 1703 846 1749 aut
894 1683 1072 1750 novis
1091 1731 1113 1766 ,
1161 1702 1276 1749 aut
1324 1684 1395 1749 in
1447 1683 1627 1772 uficm

272 1782 281 1791 '
351 1780 618 1872 prorfics
657 1780 856 1859 alium
900 1779 1155 1848 detortis
1176 1806 1206 1863 ,·
1248 1779 1414 1847 unde
1462 1804 1629 1846 non·-

265 1872 279 1880 ’
364 1881 544 1969 nulla
579 1877 649 1943 in
670 1877 784 1945 lzoc
815 1870 880 1945 G*
900 1876 1193 1966 sequenti
1214 1876 1371 1943 libro
1411 1874 1634 1964 obstu-

362 1975 518 2044 ritas
545 1998 570 2040 .·
615 1973 674 2039 6⁹
716 1972 966 2061 quidem
995 2021 1018 2054 ,
1059 1966 1132 2037 ut
1160 1971 1257 2037 ait
1296 1969 1422 2059 ipfi
1475 1971 1634 2038 Cato

368 2067 547 2159 infrci
591 2093 661 2137 η.
710 2091 805 2152 ¹4·
843 2065 1070 2134 Habet
1090 2065 1229 2133 haec
1264 2065 1637 2133 Stoicorum

370 2167 541 2233 ratio
589 2161 910 2230 difficilius
941 2158 1252 2255 quiddam
1296 2159 1373 2230 ὅ(
1417 2160 1639 2230 obscu-

273 2273 283 2279 '
377 2260 532 2329 rius.

278 2417 832 2550 votur-rum
867 2481 1175 2566 equidem,
1205 2481 1419 2559 Brute,
1455 2484 1500 2546 si
1524 2485 1642 2568 ipsa

279 2588 389 2650 pro
410 2567 467 2628 se
488 2568 756 2650 loquatur
771 2612 789 2640 ,
816 2585 922 2626 nec
943 2584 1061 2625 tam
1085 2567 1407 2646 pertinaces
1430 2567 1644 2627 habeat

279 2666 560 2732 patronos
583 2692 602 2722 ,
640 2644 1026 2707 concessuram
1065 2648 1310 2705 arbitror
1344 2690 1362 2718 ,
1409 2650 1648 2706 convic-

280 2747 405 2790 tam
442 2727 729 2808 superiore
762 2726 948 2800 libro,
988 2726 1282 2806 dignitati:
1321 2729 1537 2785 etenim
1577 2729 1651 2785 sit

277 2806 594 2886 impudens
617 2849 635 2878 ,
667 2809 719 2864 si
751 2808 946 2864 virtuti
978 2805 1186 2863 diutius
1214 2822 1532 2884 repugnet,
1556 2821 1654 2862 aut

283 2893 334 2952 si
374 2884 627 2946 honestis
658 2881 910 2957 jucunda
946 2901 1304 2960 anteponat,
1346 2902 1441 2940 aut
1479 2885 1653 2959 pluris

284 2967 404 3031 esse
428 2962 747 3026 contendat
769 2961 1136 3028 dulcedinem
1160 2964 1416 3040 corporis
1437 2963 1660 3024 titillan-

277 3067 408 3112 tem
432 3092 452 3125 ,
474 3067 548 3110 ex
565 3064 717 3111 eave
737 3058 934 3109 natam
952 3043 1208 3106 laetitiam
1220 3084 1242 3120 ,
1265 3041 1439 3124 quam
1467 3047 1658 3128 graviq
