2125 4067
182 510 264 595 '440
313 496 734 567 Tuscurcrunvrr

182 633 215 677 ut
230 614 290 676 ferd
304 634 358 675 nos
372 611 470 675 omnia
482 610 513 668 in
524 604 771 669 Consolationem
783 623 870 670 urrant

185 692 380 773 conjecimus:
394 707 455 753 erat
470 690 550 749 enim
570 690 600 747 in
610 693 869 764 minorennium,

186 774 218 839 δι
231 776 326 836 omnis
340 775 419 834 ineo
434 769 598 831 tentabatur
612 771 734 830 curatio·
756 768 816 831 Sed
827 770 868 830 su·

186 855 327 915 mendum
343 848 515 933 tempusest
529 868 591 908 non
606 849 742 909 minucio
761 853 868 911 animo·

187 955 252 995 rum
261 934 388 1007 morbis,
396 932 483 1015 quint
494 932 524 989 in
535 949 710 1010 corporum:
720 928 869 992 utProme·

188 1016 274 1076 theus
294 1015 342 1076 ille
354 1013 500 1094 AEschyii3
511 1011 556 1070 cui
565 1029 656 1090 quum
667 1009 776 1071 didiurn
788 1008 870 1086 esset,

189 1116 265 1182 Atqui
275 1150 283 1175 ,
295 1115 433 1166 Prometheo
441 1149 451 1172 ‚
461 1130 484 1164 re
494 1117 538 1164 Iros
546 1128 626 1163 terrere
643 1111 752 1175 “istim
760 1144 774 1172 ,

190 1206 287 1257 Medera·
301 1207 366 1276 poffe
376 1209 492 1259 racionem
502 1202 640 1256 umisa.
694 1223 698 1230 ·

191 1295 365 1377 respondit,

190 1397 221 1449 si
236 1399 325 1466 quidem
336 1397 374 1464 qui
383 1397 543 1466 tempestivam
549 1394 689 1450 mdr'cinom
698 1400 841 1459 morem

192 1484 253 1543 Non
270 1491 302 1539 ad
309 1487 446 1560 gravescens
455 1490 539 1540 vulnus
550 1489 633 1539 illidat
642 1508 735 1544 manus.

234 1577 387 1640 XXXII.
408 1578 469 1640 Erit
484 1582 570 1662 igitur
582 1584 612 1640 in
632 1578 876 1643 consolatiomius

192 1661 287 1797 ppisua
300 1660 462 1798 medisina(³
472 1659 581 1722 docere
590 1679 638 1722 aut
648 1661 764 1801 ntpplurn
775 1659 879 1801 mdluss

194 1757 213 1799 e
235 1758 252 1798 e
287 1758 368 1799 auta
389 1760 441 1800 rno
464 1761 513 1799 um
542 1762 662 1801 arvumt
703 1759 768 1801 tera

194 1783 345 1879 corninuni
362 1762 541 1883 conditionep
548 1822 636 1896 vitae,
654 1822 688 1882 δι
703 1784 824 1903 prop’rid
834 1818 880 1893 ,εἰ

195 1898 266 2041 guid
285 1901 320 1959 sit
336 1899 373 1960 de
386 1902 493 1980 ipsius,
505 1904 555 1982 qui
572 1918 717 1975 moereat,
735 1899 882 1980 disputan-

218 1999 285 2059 urn:
303 1981 403 2055 tertia,
418 1979 559 2041 summam
574 1979 631 2042 esse
644 1979 796 2041 stultitiam
808 1977 880 2039 frus·

196 2076 241 2121 tra
255 2059 360 2120 confici
377 2080 523 2135 moerore,
563 2081 631 2121 uum
649 2061 796 2141 intdligas
817 2056 884 2118 nitri

198 2138 280 2220 posse
295 2139 416 2220 profici:
438 2162 504 2199 narn
523 2083 681 2202 Cieanthos
703 2139 826 2221 quidem
842 2138 885 2200 sa·

197 2222 329 2301 pienrem
343 2220 525 2294 consolatur,
542 2224 589 2302 qui
603 2220 807 2281 consolatione
824 2238 889 2280 nort

200 2319 285 2382 eget;
306 2302 374 2360 nihil
387 2304 464 2362 enirn
480 2299 537 2361 esse
554 2301 682 2373 malum,
700 2301 783 2382 quod
801 2317 889 2381 turpe

198 2400 260 2439 non
277 2382 332 2455 sir,
350 2385 372 2440 si
386 2383 494 2462 lugenti
509 2381 695 2459 persuaseris,
715 2401 776 2440 non
794 2396 824 2440 tu
845 2379 888 2440 illi

198 2459 325 2532 luctum,
337 2459 385 2520 sed
401 2462 546 2520 stultitiam
568 2463 741 2524 detraxeris:
757 2459 885 2519 alienum

198 2553 296 2598 autem
313 2558 427 2618 tempus
447 2542 592 2613 docendi;
608 2543 640 2600 &
658 2558 825 2601 tamennon
838 2535 883 2598 sc·

200 2621 236 2679 tis
257 2619 326 2677 mihi
349 2620 463 2678 videtur
490 2619 589 2680 vidisse
613 2622 670 2682 hoc
695 2617 887 2692 Cleanthes,

199 2698 297 2780 suscipi
314 2700 468 2779 aliquando
485 2702 682 2782 aegritudinem
692 2697 772 2783 posse
791 2719 828 2760 ex
846 2719 892 2760 eo

200 2779 282 2861 ipso,
295 2781 375 2861 quod
388 2779 443 2842 esse
454 2780 595 2843 summum
606 2783 715 2843 malum
725 2778 889 2843 Cleanthes

201 2860 261 2942 ipse
280 2861 411 2922 fateatur.

242 2941 292 3015 78.
307 2942 389 3021 Quid
401 2945 478 3003 enirn
490 2942 637 3004 dicemus?
650 2963 742 3024 quum
752 2939 889 3002 Socrates

199 3019 347 3084 'Alcibiadi
359 3021 554 3105 persuasisset,
571 3042 603 3085 ut
617 3025 784 3106 accepimus
796 3067 807 3098 ,
821 3041 892 3084 cuns
