2125 4067
269 488 428 557 Lraait·
464 493 698 559 numm.
754 490 829 585 159

137 601 266 664 amicitia
287 598 346 663 effe
364 601 488 665 omnino
508 619 670 685 poterunt,
688 603 742 664 nisi
761 601 836 685 ipsae

136 684 233 766 perse
251 698 434 762 expetantur.

179 783 234 840 71.
257 763 309 824 Ius
326 779 444 836 autem,
461 763 543 843 quod
554 766 592 825 ita
608 765 663 824 (sici
676 764 831 845 appellati·

139 864 201 982 pue
219 845 333 923 possit,
345 841 376 900 id
387 839 445 903 esse
459 845 576 918 natur&
589 845 769 926 alienumque
782 856 832 906 es‘·

155 943 172 984 e
194 945 213 984 a
229 922 359 1003 sapiente
383 943 444 983 non
462 923 555 984 modo
575 923 705 1064 in'ppriam
722 928 769 985 cui
784 925 832 986 fa·

142 1023 214 1064 cete
224 1049 236 1076 ‚
248 1004 352 1064 veriam
365 1004 454 1063 etiam
468 1024 585 1065 nocere.
635 1026 668 1065 ec
680 1007 833 1066 vetotec-

140 1100 204 1144 tum
220 1081 263 1144 est
280 1104 348 1144 cum
364 1086 465 1146 amicis
475 1102 524 1145 aut
541 1086 741 1147 benemeritis
758 1096 834 1145 con-⁸

140 1164 252 1226 sociate
273 1180 323 1225 aut
345 1163 525 1247 conjungere
546 1164 701 1244 injuriam3
722 1167 836 1246 gravis·

141 1246 273 1328 sitneque
299 1245 332 1306 &
357 1247 508 1306 verissime
529 1246 722 1318 defenditur,
746 1254 838 1304 num·-

139 1348 229 1408 quam
252 1327 419 1406 aequitatem
441 1326 480 1386 ab
497 1326 620 1388 utilitate
638 1324 721 1408 posse
740 1323 838 1404 sejun-

140 1411 185 1490 gi:
209 1408 242 1467 &
255 1452 264 1480 ‚
278 1405 416 1487 quidquid
433 1428 547 1490 aequum
559 1406 724 1489 justumque
742 1405 837 1480 effet,

140 1489 173 1547 id
188 1491 277 1548 etiam
294 1487 446 1549 honestum
456 1510 465 1562 3
477 1491 681 1571 vicissimque,
693 1487 837 1569 quidquid

144 1566 216 1629 effet
238 1564 422 1644 honestum,
445 1569 476 1630 id
500 1567 605 1650 justum
628 1572 717 1632 etiam
743 1586 833 1650 atque

142 1669 259 1732 aequum
274 1647 351 1711 fore.

181 1750 232 1807 72.
251 1728 303 1790 Ad
320 1726 426 1812 easque
440 1728 582 1805 virtutes,
603 1729 643 1790 de
657 1731 761 1812 quibus
773 1729 834 1790 dis·

140 1828 275 1891 putatum
301 1809 373 1884 est,
406 1809 586 1872 dialetticam
611 1813 700 1871 etiam
726 1809 833 1890 adjun-

142 1908 234 1972 gunt,
255 1891 287 1952 &
305 1891 477 1971 physicam:
496 1891 604 1972 easque
622 1892 720 1952 ambas
736 1895 833 1952 virtu-

141 1988 205 2031 tum
218 1971 338 2031 nomine
350 1971 517 2051 appellant:
531 1973 671 2042 alteram,
684 1972 764 2050 quod
779 1972 834 2030 ha·

141 2051 213 2112 beat
234 2054 399 2121 rationem,
421 2070 458 2110 ne
474 2055 520 2111 cui
537 2051 608 2111 falso
630 2049 810 2110 affentiamut
821 2093 836 2123 ,

142 2151 223 2191 neve
236 2152 371 2211 umquam
387 2131 515 2209 captiosa
530 2131 732 2212 probabilitate
749 2131 835 2190 falla-

144 2232 212 2270 mur
223 2255 234 2282 ,
256 2229 347 2289 eaque
360 2254 369 2282 ‚
384 2230 448 2288 quae
461 2211 597 2270 debonis
610 2213 643 2270 &
659 2213 741 2270 malis
756 2212 836 2273 dice·

143 2312 267 2362 remus,
286 2306 318 2350 ut
327 2307 428 2349 tenere
439 2292 569 2370 tuerique
587 2293 749 2370 possimus:
765 2313 835 2354 nam

143 2375 206 2433 sine
227 2373 281 2430 hac
295 2388 359 2431 arte
374 2371 506 2449 quemvis
524 2371 759 2435 arbitrabantuta
776 2395 832 2437 ve·

142 2476 177 2515 ro
197 2452 324 2525 abduci,
339 2451 457 2531 fallique
470 2450 572 2532 poffe:
589 2452 664 2514 reete
682 2456 785 2536 igitur,
805 2457 833 2516 si

143 2535 280 2596 omnibus
304 2535 332 2593 in
355 2533 440 2592 rebus
460 2535 608 2594 temeritas
627 2537 833 2618 ignoratioque

136 2615 246 2686 ⁸vitiosa
259 2612 318 2688 est,
339 2634 386 2674 ars
396 2634 450 2685 ea,
461 2635 525 2697 quae
544 2617 621 2676 tollit
637 2619 719 2690 haec,
737 2624 834 2680 virtus

142 2699 294 2756 nominata
315 2691 366 2752 est.

186 2775 237 2850 73.
254 2771 386 2850 Physicae
400 2792 518 2854 quoque
536 2797 596 2837 non
613 2779 674 2836 sine
688 2775 768 2835 causa
780 2775 833 2834 tti-

144 2855 232 2914 butus
243 2852 322 2910 idem
337 2849 385 2933 est¹
391 2850 485 2909 honos
497 2875 506 2923 ·‚
520 2873 677 2932 propterea
692 2856 771 2937 quod
783 2857 835 2935 qui

143 2934 357 2997 convenienter
383 2946 492 2991 natutae
514 2932 640 2995 viotutu's
659 2936 723 3010 sit,
745 2936 773 2995 ei
799 2936 835 2998 δί
