2125 4067
273 534 351 635 328
410 534 825 602 Tuscurrurrwrr

267 648 430 715 necess'ariis
447 644 544 707 Catuli
558 644 781 726 deprecantibus
797 667 860 707 non
871 645 957 709 semel

271 730 418 813 respondit
433 773 441 798 ,
455 726 510 787 sed
530 724 624 806 saepe,
651 726 823 787 Moriatur?
848 730 879 787 in
899 750 956 814 quo

270 814 385 873 beatior
399 810 469 881 ilie,
485 807 535 887 qui
547 804 744 866 'huic-nefariae
761 810 831 868 voci
844 813 956 889 paruit,

266 892 360 975 quim
382 892 432 963 is,
456 891 506 969 qui
528 903 588 946 tam
609 884 747 947 scelerate
774 889 954 968 imperarit:

270 966 957 1130 Eiriiii'm‘ffi'dioeiodiiimfiffi‘id‘ei‘-

271 1135 343 1195 tanti
357 1131 474 1212 panium
487 1129 650 1209 procedere
662 1128 805 1202 obviam,
820 1130 900 1211 quod
914 1130 956 1196 fe·

272 1217 312 1275 cit
328 1211 448 1273 Catulus
466 1253 475 1281 ,
490 1209 580 1289 quim
598 1253 609 1281 ,
631 1209 712 1287 quod
734 1207 869 1285 Marius,
888 1210 953 1271 'talis

272 1296 328 1356 viri
345 1293 460 1352 interitu
478 1288 525 1349 sex
541 1288 606 1349 suos
625 1289 753 1350 obruere
769 1289 951 1365 consulatus,

270 1376 304 1437 &
325 1372 521 1431 contaminare
532 1387 695 1429 extremum
704 1387 825 1449 tempus
836 1373 933 1431 atatis.

311 1450 386 1513 XX.
409 1448 829 1532 Duodequadraginta-annos
853 1468 949 1532 tyren·

269 1553 323 1602 nus
341 1529 585 1614 Syracusanorum
595 1529 650 1589 fuit
663 1529 852 1611 Dionysius,
868 1549 948 1614 quum

271 1637 306 1678 v.
325 1614 356 1674 &
373 1628 534 1684 numeratus
554 1629 646 1670 annos
666 1611 853 1671 dominatum
870 1630 949 1673 occu·

288 1693 399 1756 aviffet.
424 1692 493 1771 Qui
508 1691 720 1773 pulchritudine
742 1693 869 1767 urbem,
892 1692 948 1773 qui·

267 1717 321 1840 bus
340 1791 436 1833 autem
449 1772 553 1852 opibus
569 1770 719 1851 preditam
729 1815 740 1844 ,
750 1772 950 1851 servitute'op·

290 1853 391 1926 restani
410 1855 506 1911 tenuit
523 1853 673 1912 civitatem
692 1852 703 1912 i
728 1852 824 1934 Atqui
837 1853 879 1914 de
897 1852 949 1912 boc

268 1877 388 1997 diomine
404 1932 517 1994 abonis
533 1931 695 1992 sudoribus
708 1935 750 1993 sic
759 1933 896 2014 scripturn
906 1952 949 1992 er·

265 2018 427 2097 cepimus,
459 2012 598 2073 summam
623 2010 703 2073 fuiffe
728 2012 793 2093 ejus
820 2016 851 2073 in
876 2011 947 2075 viui

267 2097 511 2177 temperantiam,
529 2098 560 2153 in
583 2092 723 2173 rebusque
746 2094 887 2176 gerendis
905 2095 946 2153 vi·

266 2199 329 2239 tum
355 2195 451 2235 acrem
474 2175 506 2234 &
525 2171 691 2233 industrium
710 2219 719 2246 ,
740 2176 883 2235 eumdem
904 2191 946 2233 ta·

264 2261 335 2324 inen
361 2253 523 2315 maleficum
550 2256 650 2314 naturd
674 2256 706 2314 &
723 2254 887 2335 injustum:
913 2272 945 2316 ex

173 2351 178 2364 “
267 2360 327 2420 quo
351 2338 485 2397 omnibus
505 2379 515 2408 ,
536 2337 613 2395 bene
635 2335 792 2395 veritatem
817 2335 945 2395 intuenti·

261 2419 319 2480 irus
339 2462 349 2491 ,
371 2417 463 2477 videri
481 2414 594 2475 neceffe
617 2414 657 2475 est
674 2414 864 2475 miserrimum
882 2436 891 2487 ;
912 2433 944 2474 ea

266 2500 344 2558 onim
364 2494 422 2576 ipsa
437 2517 500 2575 quae
519 2498 728 2575 concupierat,
746 2517 784 2556 ne
803 2512 867 2554 tum
883 2495 945 2573 qui·

265 2578 351 2648 dem,
370 2596 458 2655 quum
471 2577 569 2634 omnia
578 2576 606 2636 se
619 2574 701 2657 poffe
713 2574 859 2650 censebat,
875 2593 945 2634 con·

261 2658 441 2739 sequebatur.

239 2779 245 2792 ,
310 2736 355 2819 58.
377 2736 439 2817 Qui
463 2756 552 2817 quum
573 2734 642 2797 ess'et
669 2736 765 2832 bonis·
778 2734 941 2815 parentibus

261 2814 942 2978 :ttt‘,¹1¹t⁰⁶32d¹3⁶t;¹tt{i{titubet

262 2981 297 3040 &
314 2980 463 3059 aequalium
485 2977 772 3037 familiaritatibus&
797 2976 943 3038 consuetu·

258 3060 328 3122 dine
349 3062 599 3141 propinquorum3
613 3056 734 3118 habetet
751 3060 842 3120 etiam
862 3073 941 3117 more

820 3135 942 3206 Gracia
