2125 4067
307 510 464 581 Lina-n
501 524 728 581 rrnrrus,
777 520 856 604 425

171 620 246 687 'dam
257 642 268 684 ε·
286 626 398 684 tantum
415 625 603 698 admoneb03
621 625 642 686 sr
660 623 784 686 maxime
800 644 860 686 ve·

171 724 242 779 ¹runt
260 705 315 777 sit,
333 704 371 763 ad
386 724 491 786 corpus
507 708 606 766 omnia
623 705 728 767 referre
744 705 859 786 sapien·

167 799 266 855 -te'm,
290 785 352 842 sive
372 818 382 855 5
413 803 444 843 ut
463 783 610 845 honestius
639 785 761 857 dicam,
786 784 872 845 nihil

171 861 277 931 facere
303 865 356 920 nisi
381 863 463 940 quod
485 864 620 944 expediat
639 908 650 937 ‚
676 867 738 925 sive
760 868 857 924 omnia

171 941 288 1009 referre
305 942 342 1000 ad
357 944 510 1004 utilitatem
526 942 624 1014 suam3
644 945 781 1023 quoniam
796 944 858 1004 haec

172 1022 338 1104 plausibilia
356 1041 416 1080 non
430 1022 513 1096 sunt,
530 1040 563 1081 ut
575 1025 605 1081 in
619 1025 682 1082 sinu
696 1022 858 1105 gaudeant,

174 1101 306 1185 gloriose
321 1101 402 1240 loqui
420 1103 561 1163 desinant.
716 1166 718 1171 ,

218 1178 338 1241 XXII.
381 1185 588 1261 yrenaicorum
603 1178 688 1239 restat
701 1177 860 1254 sententia3

175 1263 227 1341 qui
248 1279 310 1319 tum
336 1262 534 1340 aegritudinem
555 1258 673 1320 censent
693 1259 860 1334 exsistere,

173 1341 203 1401 ei
222 1342 407 1418 nec-opinati
424 1341 493 1422 quid
511 1341 667 1401 evenerit:
682 1337 724 1397 est
744 1340 775 1400 id
793 1340 862 1421 qui·

177 1419 248 1481 dem
260 1440 417 1499 magnum,
431 1439 464 1480 ut
479 1420 562 1500 suprd
578 1420 652 1479 dixi:
666 1421 754 1479 etiam
765 1419 864 1500 Chry·

177 1500 265 1580 sippo
295 1502 335 1558 ita
364 1500 457 1559 videri
485 1499 570 1574 scio,
600 1498 681 1578 quod
713 1499 861 1578 provisum

175 1581 244 1640 ante
263 1601 323 1638 non
343 1581 403 1652 sit,
426 1580 455 1638 id
475 1578 538 1639 fieri
562 1578 787 1640 vehementius:
809 1578 860 1639 sed

175 1680 239 1721 non
256 1658 362 1718 suntin
380 1660 437 1718 hoc
458 1661 579 1733 omnia3
602 1677 773 1737 quamquam
794 1658 861 1719 llos·

175 1740 249 1801 tium
278 1759 383 1820 repens
416 1739 558 1799 adventus
590 1739 680 1817 magis
710 1739 857 1819 aliquanti

175 1820 358 1892 conturbat,
387 1819 473 1898 qualrn
492 1817 690 1897 exspellatus3
717 1818 749 1877 &
773 1822 859 1878 maris

174 1896 269 1959 subita
300 1898 485 1977 tempestas,
509 1898 596 1977 quim
625 1896 692 1954 ante
718 1897 860 1976 provisa,

176 1992 269 2040 terret
289 1981 457 2058 navigantes
476 1978 678 2036 vehenlentilrs
699 1995 708 2046 3
732 1976 763 2034 &
784 1974 862 2053 ejus·

176 2057 262 2119 modi
277 2058 338 2117 sunt
355 2060 503 2137 pleraque.
519 2055 579 2116 Sed
599 2073 687 2134 quum
706 2054 860 2135 diligenter

176 2140 436 2218 nec-opinaturum
451 2150 579 2195 naturam
594 2134 779 2206 consideres,
789 2134 861 2195 nibil

175 2218 256 2280 aliud
280 2218 429 2299 reperias,
460 2217 514 2275 nisi
538 2215 636 2277 omnia
659 2212 752 2273 videri
771 2213 862 2275 subita

175 2296 313 2377 -majora3
335 2300 365 2358 ὃ(
385 2297 504 2378 quidem
522 2297 563 2356 ob
582 2295 651 2353 duas
671 2292 786 2353 causas:
803 2295 862 2373 pri·

178 2382 281 2453 ntum,
301 2378 381 2460 qudd
399 2423 408 2450 ‚
425 2393 530 2458 quanta
552 2377 608 2435 sint
626 2394 689 2453 quae
708 2373 861 2450 accidunt,

179 2460 383 2521 considerandi
406 2458 527 2538 spatium
543 2477 604 2515 non
621 2455 726 2514 datur:
753 2454 860 2517 deinde

179 2559 269 2621 quum
282 2539 397 2599 videtur
414 2540 570 2617 praecaveri
587 2531 730 2617 potuille,
746 2536 770 2594 si
790 2556 862 2615 pro·

179 2618 271 2681 visum
287 2616 377 2690 esset,
395 2620 475 2697 quasi
491 2617 577 2697 culpai
600 2613 778 2677 contradunt
793 2635 860 2677 ma·

179 2697 241 2761 lunt
256 2698 456 2778 aegritudinem
474 2697 614 2756 acriorem
634 2695 712 2754 facit.

224 2795 272 2858 53.
292 2775 386 2855 Quod
410 2778 450 2834 ita
468 2773 526 2834 elle
552 2775 612 2835 dies
631 2773 777 2844 declarat,
797 2790 863 2851 qua

179 2856 346 2940 procedens
369 2855 410 2913 ita
434 2855 569 2933 mitigat,
601 2869 634 2911 ut
659 2849 759 2909 iisdem
779 2850 862 2910 tnalia

182 2935 366 2998 manentibus
378 2953 438 2992 non
456 2932 550 2991 rnodb
564 2931 685 2991 leniatur
700 2929 861 3011 aegritudo,

180 3017 231 3081 sed
254 3019 285 3078 in
304 3012 445 3098 plerisque
467 3013 595 3076 tollatur.
613 3008 863 3095 Carthaginienses
