2125 4067
303 494 457 567 Binan
493 510 727 566 narina.
785 505 864 588 417

184 626 291 691 querat
318 612 454 683 aliunde,
475 631 537 672 non
558 611 718 692 intelligo,
743 629 794 669 cur
818 624 870 670 aut

182 692 279 750 verbis
304 709 365 751 tam
390 692 581 754 vehementer
598 691 747 761 ornanda,
767 706 869 750 autre

183 786 340 850 tantopere
369 771 532 851 expetenda
557 770 698 831 videatur.
727 769 776 830 Ad
807 769 870 829 haec

181 849 265 908 bona
292 870 341 909 nte
364 853 387 909 si
409 870 559 923 revocas,
578 849 701 930 Epicure
749 869 867 929 pareo,

184 927 308 1009 sequor,
319 945 385 989 utor
394 946 424 990 te
437 928 499 1009 ipso
515 929 606 1001 duce,
619 893 772 988 oblivitior
780 931 869 988 etiam

182 1009 349 1082 malorum,
367 1025 398 1069 ut
415 1006 516 1088 jubes,
531 1007 627 1090 eoque
646 1005 755 1067 faciliis
764 1051 775 1079 ,
828 1007 870 1068 bd

183 1108 222 1148 ea
239 1108 277 1149 ne
294 1093 324 1149 in
342 1089 425 1149 maiis
445 1089 565 1170 quidem
584 1087 720 1170 ponenda
740 1106 868 1148 teneo:

183 1167 235 1229 sed
251 1170 377 1230 traducis
395 1171 588 1251 cogitationes
605 1189 685 1230 meas
703 1167 740 1227 ad
759 1167 872 1249 volup*

184 1265 260 1309 tates
278 1269 285 1308 ε
307 1270 376 1330 quas
394 1248 406 1307 ἓ
428 1253 584 1330 corporis,
605 1248 695 1308 credo
712 1286 723 1323 ,
743 1264 791 1309 aut
808 1244 873 1328 qu&

184 1346 308 1410 propter
328 1349 432 1410 eorpus
452 1330 501 1390 vel
523 1326 727 1390 recordatione
751 1327 800 1388 vel
820 1327 873 1407 spe

185 1412 376 1490 cogitentur}
399 1409 539 1490 numquid
561 1408 602 1471 est
622 1407 730 1470 aliud?
754 1407 873 1470 reiikne

185 1489 363 1570 interpretor
378 1487 548 1550 sententiam
565 1489 666 1550 tuam?

162 1628 165 1632 Α
230 1569 280 1648 38.
300 1568 403 1630 Solent
415 1572 493 1631 enim
507 1567 550 1629 isti
564 1589 673 1652 negare
685 1583 739 1630 nos
756 1569 869 1631 intelli·

186 1668 280 1790 ξετε,
297 1648 366 1730 quid
384 1650 460 1711 dicat
477 1648 626 1731 Epicurus.
643 1650 711 1711 Hoc
730 1644 816 1723 dicit,
834 1649 870 1711 δι

211 1751 248 1790 oc
266 1729 315 1793 ille
333 1730 489 1804 acriculus,
505 1749 554 1793 mo
571 1731 707 1795 audiente
724 1730 871 1805 Athenis,

185 1809 275 1871 senex
289 1809 391 1882 zeno,
404 1809 523 1872 istonnn
535 1814 733 1883 acutissimus,
745 1829 872 1873 conten·

187 1891 260 1952 dere
276 1891 310 1951 &
326 1890 433 1972 magni·
447 1911 523 1957 noce
538 1892 636 1953 dicere
653 1891 783 1965 solebet;
800 1909 870 1951 euin

187 1969 245 2032 effe
260 1970 397 2045 beatum,
434 1974 461 2030 ui
475 1970 661 2050 ptaesentibus
673 1969 873 2050 voluptatibus

188 2050 347 2125 frueretm,
365 1993 582 2130 conideretqu‘e
601 2049 631 2111 se
648 2050 799 2111 fruiturum
819 2064 870 2109 aut

188 2135 219 2192 in
236 2134 317 2192 omni
332 2148 380 2190 aut
396 2133 425 2189 in
440 2151 545 2210 magna
564 2148 646 2212 parte
663 2131 748 2200 vitae,
766 2128 871 2189 dolore

188 2233 250 2273 non
267 2211 496 2273 interveniente:
515 2225 564 2269 aut
583 2213 606 2271 si
624 2211 834 2281 interveniret,
848 2209 873 2267 si

188 2291 314 2355 summus
329 2290 432 2364 foret,
448 2289 576 2350 futurum
593 2291 715 2350 brevem
730 2309 740 2360 ς
758 2291 781 2347 si
800 2307 872 2368 pto·

188 2371 318 2447 duffior,
330 2372 394 2452 plus
402 2371 564 2432 habiturum
578 2367 699 2450 jucundi
710 2369 797 2453 quiin
812 2389 873 2430 tna·

188 2453 227 2515 ti:
246 2454 305 2521 hec,
316 2455 492 2534 cogitantem
508 2450 573 2513 fore
591 2452 733 2524 beatum,
752 2449 872 2532 praesen·

189 2535 242 2597 tint
262 2533 336 2593 si&
357 2532 591 2615 antepraeceptis
611 2532 695 2594 bonis
715 2548 872 2594 contentus

190 2611 279 2686 effen
304 2633 359 2673 nec
383 2631 510 2676 monem
527 2654 541 2689 ‚-
555 2634 611 2675 nec
636 2615 709 2676 deos
729 2614 871 2676 extimes-

188 2710 279 2755 teret.
460 2716 463 2721 ·

232 2767 370 2831 XVIII.
394 2770 494 2832 Habes
516 2770 686 2833 fosmamE'
705 2771 777 2832 icari
800 2772 873 2832 vitae

190 2852 305 2922 beatae,
329 2850 427 2910 verbis
449 2850 578 2911 Zenonis
598 2794 755 2932 expreiiam
774 2892 788 2924 ,-
802 2851 874 2921 nihii

192 2948 225 2990 ut
242 2928 333 3010 possit
349 2931 457 3012 negari.
475 2928 558 3009 Quid
575 2930 673 3013 ergo?
690 2928 807 2993 hu'usne
823 2934 874 3001 vi-

190 3027 229 3075 tae
246 3010 465 3104 propositio&
486 3012 630 3095 cogitatio
642 2951 872 3154 autsiihyestetn

731 3114 753 3158 V
