2125 4067
193 552 271 652 308
323 551 734 622 Tvscvrauauou

193 688 272 730 mum
296 671 357 729 sine
377 686 502 747 corpore
525 664 554 726 se
580 665 746 746 intelligere
771 658 867 746 poss'e!

191 751 352 820 videbunt,
372 767 459 829 quem
479 749 508 805 in
531 744 593 826 ipso
618 764 745 825 corpore
766 747 868 806 intelli«

192 847 271 910 gant.
299 829 374 887 Mihi
399 827 542 907 quidem,
562 842 695 884 naturam
716 827 805 886 animi
825 829 868 886 iu·

192 912 284 968 tuenti
296 953 305 982 ,
316 909 406 968 multo
422 905 564 966 difficilior
577 907 701 964 occurrit
713 907 867 988 cogitatio,

191 990 343 1068 multoque
357 986 521 1060 obscurior,
561 986 630 1043 ualis
642 988 756 1046 animus
767 990 797 1045 in
807 1004 868 1046 cor·

178 1087 267 1148 -pore
290 1070 349 1141 sit,
368 1084 516 1147 tamquam
533 1007 633 1125 Jienae
656 1065 761 1139 domi,
787 1066 867 1149 quium

193 1150 307 1228 qualis,
323 1168 412 1228 quum
431 1149 532 1207 exierit
541 1177 554 1218 ,Α
570 1145 601 1204 &
624 1147 654 1203 io
671 1145 797 1207 liberum
813 1166 868 1206 coe·

191 1228 281 1301 lum,
311 1230 391 1308 quasi
411 1229 441 1286 in
466 1226 591 1286 domum
615 1222 725 1299 suam,
752 1229 868 1287 venerit.

182 1305 258 1367 ‚Nisi
279 1310 378 1380 enim,
400 1307 480 1387 quod
499 1321 656 1384 numquam
677 1305 826 1380 vidimus,
840 1305 868 1366 id

181 1423 185 1429 ·
216 1388 280 1446 uale
298 1389 334 1445 sit
344 1398 360 1459 ‚‘
380 1387 541 1467 intelligere
559 1380 707 1465 poss'umus
727 1406 737 1458 ;
765 1387 867 1461 certo,

252 1467 339 1525 deum
361 1465 451 1546 ipsum
472 1510 482 1538 ‚
503 1465 535 1524 &
562 1465 694 1524 divinum
719 1469 867 1540 animum,

192 1564 317 1627 corpore
336 1546 509 1618 liberatum,
525 1547 704 1627 cogitatione
720 1546 868 1628 complesti

192 1647 254 1687 non
287 1625 442 1706 postumus.
478 1625 663 1685 Dioaearchus
695 1627 815 1710 quidem
839 1628 868 1687 δι

180 1704 378 1767 Aristoxenus
399 1746 412 1780 ,·
432 1708 497 1787 quia
525 1704 645 1765 difficilis
672 1725 736 1766 erat
759 1709 867 1780 armi,

192 1787 262 1868 quid
282 1804 329 1846 aut
353 1787 442 1868 qualis
462 1783 551 1859 esset,
570 1786 786 1868 inteiligenria‚
807 1785 868 1848 nul·

192 1865 254 1927 lum
275 1869 395 1944 omuino
410 1868 537 1926 animum
554 1864 774 1935 effudixetuntc

237 1966 282 2028 52.
307 1946 354 2006 Est
375 1947 445 2006 illud
473 1947 590 2026 quidem
616 1947 666 2006 vel
689 1951 869 2020 maximum

190 2030 289 2088 auimo
308 2027 371 2108 ipso
398 2030 525 2087 animum
547 2026 669 2099 videre;
691 2027 724 2086 &
740 2031 867 2087 nimirum

191 2108 265 2167 hanc
291 2107 377 2168 habet
400 2111 460 2170 vim
488 2126 579 2187 praeoe
602 2123 664 2165 tum
692 2106 868 2187 Apollinis,

186 2209 252 2268 .quo
276 2206 377 2248 monet
397 2235 405 2261 ‚
425 2207 456 2248 ut
472 2187 500 2247 se
523 2129 640 2267 quifgue
665 2187 790 2248 noscat:
813 2201 869 2247 nou

192 2271 297 2343 enim,
325 2269 441 2342 credo,
470 2268 499 2327 id
518 2269 646 2348 praecipit
662 2311 672 2340 ,
689 2284 722 2326 ut
743 2268 869 2328 membra

191 2347 286 2407 nostra
307 2366 355 2408 aut
373 2349 504 2408 staturam
520 2347 678 2485 fiiguramve
699 2348 869 2418 noscamus}

191 2445 289 2505 neque
317 2450 370 2486 uos
395 2451 519 2508 corpora
548 2447 661 2500 umus3
689 2446 784 2507 neque
810 2446 866 2506 ego

191 2505 244 2562 tibi
259 2506 319 2563 haec
340 2508 459 2578 dicens,
480 2510 597 2586 corpori
612 2525 665 2567 tuo
682 2507 765 2566 dico:
820 2524 867 2563 um

175 2583 298 2665 igitur,
318 2585 408 2659 Nosce
427 2605 473 2658 re,
493 2587 580 2658 dicit,
597 2588 656 2648 hoc
672 2586 758 2657 dicit,
803 2583 867 2645 osce

190 2665 319 2724 animum
338 2682 435 2725 tuum:
453 2687 521 2725 uam
538 2678 644 2748 corpus
659 2666 776 2748 quidem
790 2666 868 2746 quasi

190 2767 241 2806 vas
263 2745 324 2818 est,
342 2764 390 2806 aut
406 2747 523 2828 aliquod
538 2750 625 2807 animi
639 2747 867 2828 receptaculum:

190 2829 228 2887 ab
250 2829 346 2885 animo
365 2844 416 2887 tuo
434 2828 574 2909 quidquid
592 2830 707 2908 agitur,
731 2827 762 2886 id
782 2849 799 2886 a
818 2827 868 2884 ‘tur

190 2924 257 2968 ate.
267 2908 354 2968 Hunc
369 2911 452 2990 igitur
466 2906 563 2981 noffe,
575 2911 628 2967 uisi
637 2909 773 2969 'divinum
786 2927 802 2967 e
827 2923 868 2979 et,

190 3008 251 3046 non
267 2987 335 3049 effer
346 2990 400 3048 hoc
414 2991 529 3050 acrioris
546 2987 692 3067 cujusdam
702 2989 791 3046 animi
802 3004 869 3066 pra·

190 3083 309 3144 ceptum
332 3069 468 3132 tributum
489 3091 507 3131 a
527 3068 610 3143 deo,
629 3067 659 3131 se
681 3067 775 3151 ipsum
792 3062 869 3150 posse

191 3144 376 3225 cognoscere.
