2125 4067
310 512 463 586 [rnna
497 535 736 604 amarus.
787 522 867 621 45⁸3·

182 627 350 696 eonstanter
363 631 577 713 prudenterque
590 633 645 709 fit,
662 631 804 716 ejusmodi
814 661 869 721 ape

182 713 362 793 petitionem
383 711 473 772 Stoici
489 711 598 779 urinam
613 716 784 795 appellant,
810 740 866 780 nos

145 840 155 847 .
181 791 368 870 'appellamus
383 793 568 862 uoluntatem:
590 812 654 853 earn
664 797 707 865 ‚illi
719 814 819 877 putant
836 802 867 860 in

183 869 252 930 solo
280 869 335 948 eise
353 869 381 929 sa
403 874 504 944 iente,
526 891 612 950 quam
634 877 675 934 sic
701 874 867 939 definiunta

183 946 337 1010 Voluntas
355 893 415 1026 ed,
436 972 500 1031 quae
517 953 587 1032 quid
601 973 670 1022 ,curn
689 958 798 1018 ratione
814 957 868 1018 de·

183 1030 314 1090 uiderat:
337 1051 401 1112 quae
415 1048 516 1092 nutem
532 1034 635 1092 rationi
651 1033 793 1110 adversa,
820 1039 870 1097 in-

184 1111 275 1170 citata
289 1109 329 1170 est
346 1112 568 1184 vehementiit5‚
582 1132 617 1172 ea
633 1113 724 1174 libido
735 1114 801 1188 est,
817 1117 870 1177 vel

184 1190 327 1272 cupiditas
341 1189 499 1265 effrenara3
518 1213 583 1274 quae
600 1195 632 1253 in
652 1196 787 1257 amitibus
801 1194 872 1266 stuli·

185 1272 223 1330 tis
240 1271 393 1332 invenitur.

233 1368 279 1431 ³3·
294 1349 453 1433 ¹Itemque,
472 1372 562 1432 quum
581 1354 817 1429 immoremur,
837 1370 871 1418 ut

185 1428 218 1489 in
241 1431 322 1492 bone
346 1435 433 1492 simus
452 1432 572 1513 aliquo,
587 1434 737 1515 dupliciter
749 1436 779 1496 id
796 1457 872 1496 con·

185 1511 295 1593 tingit:
317 1533 385 1572 narn
402 1533 492 1593 quum
511 1517 623 1574 ratione
642 1517 752 1576 animus
765 1537 871 1577 move·

186 1605 234 1651 tur
254 1590 367 1672 placide
392 1609 479 1673 atque
502 1592 687 1669 constanter,
711 1613 774 1656 tum
796 1595 870 1658 illud

184 1675 321 1753 gaudium
339 1673 458 1744 dicitur3
475 1693 566 1753 quuni
582 1692 678 1735 autem
693 1677 816 1736 inaniter
833 1676 868 1738 δι

186 1749 280 1812 effuse
302 1754 412 1812 animus
431 1752 554 1813 exsultat
575 1799 586 1829 ,
611 1771 675 1815 tuna
702 1756 750 1816 iiia
768 1756 868 1818 iaetitia

187 1830 312 1970 gestiens
334 1833 383 1893 vel
401 1834 487 1893 nimia
508 1833 700 1916 dicipotest3
720 1857 808 1916 quam
827 1839 868 1899 ita

211 1911 328 1972 efiniunt
345 1958 355 1987 ‚
373 1912 441 1974 Sine
459 1915 571 1974 ratione
586 1916 677 1975 animi
698 1916 868 1978 elationem.

187 1989 397 2074 Quoniamque
419 2010 451 2053 ut
468 1995 548 2052 bona
563 1994 664 2053 naturd
682 1997 868 2076 appetimus,

189 2073 262 2132 sica
282 2073 363 2133 malis
384 2071 482 2148 naturi
503 2073 679 2133 declinamus
695 2094 704 2144 ;
722 2095 787 2156 quae
810 2075 868 2135 de-

189 2151 306 2214 clinatio
322 2174 387 2212 cum
405 2155 516 2212 ratione
532 2151 608 2227 fiet,
629 2155 721 2213 cauria
737 2155 868 2235 appelle·

189 2247 255 2306 tur‚
270 2252 360 2315 eaque
378 2233 552 2313 intedigatur
566 2235 594 2292 in
610 2231 672 2292 solo
688 2231 745 2304 ess'e
756 2234 870 2314 sapien·

187 2327 240 2372 te:
257 2333 322 2394 quae
345 2331 442 2373 autem
461 2317 522 2374 sine
540 2317 653 2372 ratione
670 2313 702 2373 &
716 2335 783 2373 cum
798 2335 869 2375 exa·

188 2394 347 2455 nimatione
361 2393 460 2454 humili
475 2411 562 2473 etque
575 2392 686 2467 frasta,
703 2396 869 2456 nominetur

189 2490 294 2552 metus.
323 2473 370 2534 Est
393 2477 478 2555 igitur
506 2491 601 2535 metus
623 2475 727 2534 rationi
748 2475 867 2538 adversa

190 2556 306 2613 tamine
330 2554 474 2634 praesentis
499 2571 598 2616 autem
624 2555 692 2615 mali
707 2564 728 2630 ‚³
748 2555 868 2637 sapienti

190 2629 304 2694 affectio
326 2635 402 2709 neila
420 2633 484 2706 est',
501 2633 590 2696 stultis
609 2652 706 2696 autem
724 2637 866 2719 agritudo

190 2711 231 2772 est
250 2733 307 2784 ea,
329 2713 384 2793 qui
396 2712 555 2773 afficiuntur
573 2719 603 2774 in
617 2715 699 2772 malis
718 2718 841 2796 opinatis
854 2721 869 2790 ,'

189 2791 358 2874 animosque
381 2792 534 2850 demittunt
554 2802 581 2854 δι
603 2791 799 2867 contrahunt,
818 2817 869 2860 ra,-

188 2875 265 2938 tioni
283 2886 343 2931 non
361 2872 614 2951 obtemperantes:
628 2874 723 2950 itaque
740 2874 800 2944 hec
813 2876 870 2954 pri·

189 2974 240 3014 ma
258 2950 389 3012 definitio
408 2949 471 3022 est,
496 2967 527 3012 ut
546 2950 685 3034 egritudo
704 2954 740 3012 sit
757 2955 870 3034 animi,

189 3030 360 3097 adversante
383 3033 496 3094 ratione
506 3075 518 3106 ,
537 3029 711 3097 eoneauioa
731 3031 779 3098 Sic
793 3038 868 3127 quai
