2125 4067
184 483 246 576 76·
316 480 425 550 ·Dn
462 495 687 551 rruravs

223 614 273 674 ⁴9·
294 593 423 657 Videsne
435 595 523 674 quim
538 598 574 656 sit
589 614 695 678 magna
708 590 866 655 dillensio?

181 674 532 817 il³¹⁰l⁰li¹¹inlib³lssl
545 698 749 817 deliniri?
761 673 871 815 llll?

184 778 391 897 riaridirmora
405 799 464 909 est:
477 836 630 896 honestum
649 836 717 977 puid
728 837 763 895 sit
773 879 784 906 ,
793 837 822 895 si
839 833 872 893 id

185 938 247 977 non
264 916 346 977 estin
364 917 536 997 voluptate,
549 935 636 998 negat
662 938 678 978 e
690 915 870 996 intelligere:

185 999 241 1056 nisi
257 997 334 1059 forte
348 997 439 1069 illud,
457 997 538 1078 quod
550 997 738 1057 multitudinis
752 1015 873 1057 rumore

186 1078 329 1139 laudetur.
362 1076 427 1160 Ego
455 1095 551 1137 autem
580 1078 637 1138 hoc
668 1079 756 1138 etiam
787 1093 874 1156 turpe

187 1155 244 1221 elle
261 1158 334 1239 saepe
346 1156 460 1236 iudico:
475 1159 506 1217 &
518 1200 529 1230 ,
545 1158 569 1215 si
587 1157 704 1239 quaudo
715 1175 802 1237 turpe
813 1176 875 1217 uon

187 1241 246 1313 sit,
264 1257 363 1300 tamen
380 1261 440 1299 non
453 1235 510 1297 effe
531 1258 592 1298 non
605 1256 709 1318 turpe,
731 1257 822 1332 quum
843 1236 874 1297 id

188 1341 207 1379 a
220 1319 405 1385 ¹multitudine
425 1316 574 1379 laudetur:
593 1318 709 1399 quodsi
726 1335 762 1379 stt
781 1316 875 1398 ipsum

188 1418 244 1481 per
263 1400 292 1459 se
313 1398 423 1459 redum
446 1416 533 1478 atque
554 1399 727 1469 laudabile,
748 1418 811 1457 nou
835 1397 875 1457 ob

191 1499 257 1538 eam
272 1477 383 1545 caulam
396 1497 495 1537 tamen
504 1479 574 1537 illud
585 1478 642 1539 dici
658 1477 811 1538 houellum
831 1497 878 1539 es·

192 1558 222 1619 se
242 1604 252 1634 ,
274 1560 340 1640 quia
352 1558 483 1619 laudetur
500 1580 518 1618 a
532 1559 628 1619 multis
643 1603 653 1632 ‚
669 1558 718 1619 sed
734 1560 802 1640 quia
817 1558 878 1619 tale

194 1642 259 1712 sit,
281 1656 310 1701 ut
331 1637 410 1720 (vel
429 1641 452 1697 si
475 1641 641 1720 ignorarent
657 1639 688 1698 id
708 1639 845 1700 homines
864 1682 876 1710 ,

196 1719 246 1781 vel
263 1722 287 1780 si
305 1716 534 1800 obmutuillent)
556 1718 604 1779 sua
629 1737 727 1779 tamen
747 1718 880 1803 pulchri-

195 1800 297 1861 tudine
322 1799 390 1861 eslet
416 1798 570 1880 specieque
596 1799 748 1860 laudabile.
774 1798 880 1880 ltaque

196 1881 277 1943 idem
294 1881 393 1940 naturis
405 1882 513 1953 vilius,
530 1880 576 1939 cui
587 1879 684 1940 obsisti
699 1901 759 1941 nou
771 1878 880 1961 potest,

199 1962 269 2021 dicit
285 1963 342 2021 alio
359 1962 429 2023 loco
444 1961 494 2034 id,
513 1960 593 2041 quod
610 1976 670 2020 ate
687 1963 774 2020 etiam
791 1961 881 2040 paulo

199 2043 268 2101 ame
286 2042 392 2102 didium
410 2040 472 2114 est,
491 2063 551 2103 non
567 2038 647 2121 polle
666 2038 880 2121 iucunddvivi,

200 2124 254 2183 nisi
271 2125 359 2181 etiam
374 2120 501 2181 honeste.

246 2221 293 2277 50.
311 2201 394 2281 Quid
410 2222 485 2261 nunc
496 2246 505 2274 ,
518 2203 635 2283 honeste',
650 2200 716 2260 dicit
727 2199 738 2260 i
751 2200 882 2275 idemne,

200 2284 282 2362 quod
296 2282 442 2363 jucundi?
463 2281 542 2364 Ergo
563 2284 626 2354 ita,
646 2303 706 2340 non
723 2279 804 2362 polle
825 2281 884 2342 ho·

202 2362 281 2422 nelle
302 2365 387 2435 vivi,¹
404 2367 457 2423 nisi
475 2361 596 2423 honeste
616 2362 751 2424 vivatur:
772 2382 810 2420 an
830 2362 885 2421 nisi

203 2441 337 2521 populari
352 2442 451 2502 fami?
468 2448 530 2503 sine
548 2463 582 2504 ea
596 2444 680 2522 igitur
695 2439 819 2520 jucund&
833 2461 885 2503 ne·

205 2537 255 2601 gat
268 2519 346 2600 polle
357 2521 480 2582 vivere?
501 2522 584 2600 Quid
600 2524 729 2603 turpius,
745 2521 834 2602 quim
845 2521 886 2583 sa·

206 2603 312 2682 pientis
320 2603 411 2663 vitam
422 2621 460 2662 ex
469 2604 663 2681 insipientium
674 2602 806 2662 sermone
815 2623 886 2682 pene

207 2681 299 2742 dere?
320 2681 402 2760 Quid
422 2702 494 2762 ergo
513 2684 570 2742 hoc
590 2683 659 2743 loco
678 2683 812 2765 intelligit
829 2685 887 2747 ho:-

207 2761 341 2825 nestum?
363 2762 441 2823 certe
456 2762 545 2836 nihil,
564 2765 616 2822 nisi
634 2762 715 2844 quod
732 2763 824 2842 possit
839 2765 887 2844 ip-

79 2910 81 2912 ,
207 2845 269 2904 sum
288 2860 409 2925 propter
426 2840 454 2902 se
471 2840 532 2921 jure
547 2843 671 2903 laudari:
690 2863 757 2903 nam
774 2845 798 2903 si
814 2863 889 2924 pro·

210 2943 275 3004 pret
295 2924 499 3004 voluptatem
518 2944 582 3004 quae
599 2922 641 2985 est
653 2922 703 2983 illa
721 2924 802 2997 laus,
823 2945 890 3005 quae

207 3007 300 3089 possit
313 3025 329 3069 e
343 3005 465 3069 macello
476 3005 558 3088 petii
575 3003 646 3067 Non
660 3007 683 3066 is
699 3006 744 3068 vir
761 3002 824 3079 est,
839 3022 890 3082 ut,
