2125 4067
315 494 471 563 lrm
508 503 758 578 Qvaarvr.
799 505 873 584 199·

226 622 272 688 59.
281 604 424 669 Omnium
432 624 528 670 autem
537 626 639 669 eorum
650 604 877 669 commodorum

184 683 326 769 (quibus
344 710 405 749 non
421 689 462 750 illi
483 687 547 770 plus
566 686 693 749 tribuunt
714 732 724 762 ,
752 687 802 770 qui
825 687 876 749 illa

186 768 271 827 bona
282 767 338 829 elle
351 768 451 829 dicunt
464 813 475 839 ,
490 768 577 849 quim
589 767 691 843 Zeno,
701 769 750 849 qui
761 763 874 907 negat)

187 847 287 928 longe·
299 848 558 926 praestantissimum
573 846 651 921 elle,
692 848 751 908 uod
764 848 843 909 hone
855 878 874 895 ·

190 941 257 984 tum
283 924 352 987 ellet
377 943 465 1008 atque·
489 927 651 987 laudabile:
671 869 745 1002 led,
768 931 791 988 si
812 926 873 988 duo

189 1003 317 1067 honesta
327 1008 481 1088 proposita
491 1008 549 1066 sint
560 1050 572 1078 ‚
591 1007 708 1089 alterum
719 1027 785 1069 cum
791 1007 875 1070 vale·

188 1085 318 1160 tudine,
347 1087 472 1148 alterurn
494 1107 561 1146 cum
580 1085 713 1157 morbo,
738 1107 797 1146 nou
818 1085 875 1149 elle

188 1165 333 1238 dubium,
349 1167 388 1227 ad
405 1183 501 1226 utrum
519 1186 624 1226 eorum
638 1183 737 1225 natura
750 1187 803 1224 nos
817 1164 876 1245 ipsa

183 1245 346 1306 ,dedudlura
363 1248 420 1306 sit:
437 1246 488 1307 sed
504 1262 605 1307 tamen
621 1262 730 1305 tantam
746 1247 807 1304 vim
824 1245 878 1305 ho-

184 1324 305 1395 nestatis
318 1323 374 1387 effe
385 1369 395 1399 ,
405 1342 583 1405 ¹tantumque
599 1345 665 1385 eam
682 1325 769 1384 rebus
783 1325 878 1387 omn&

184 1407 244 1465 bus
268 1405 398 1484 ptaellare
420 1406 451 1464 &
472 1405 643 1477 excellere,
662 1422 694 1465 ut
715 1405 800 1465 nullis
819 1425 876 1466 nec

189 1484 358 1565 suppliciis,
380 1503 434 1545 uec
479 1485 581 1547 raemiis
604 1485 759 1547 demoveri
783 1487 877 1566 possi

190 1582 229 1625 ex
245 1585 284 1635 eo
293 1609 303 1640 ,
320 1565 444 1646 quodre
472 1585 520 1630 um
535 1563 591 1626 elle
602 1565 787 1638 decreverit3
807 1587 876 1626 om·

187 1648 313 1726 niaque,
334 1666 399 1727 quae
418 1645 506 1719 dura,
526 1643 668 1719 difficilia,
685 1645 805 1709 adversa
825 1648 875 1705 vi·

187 1725 330 1798 deantur,
351 1746 386 1786 ea
407 1726 561 1788 virtutibus
584 1727 638 1800 iis,
658 1726 761 1806 quibus
781 1750 797 1786 a
816 1748 873 1787 na-

186 1823 250 1866 tura
275 1804 395 1867 ellemus
420 1810 537 1881 ornati,
564 1808 661 1867 obteri
683 1804 786 1887 polle:
810 1829 871 1867 non

184 1885 281 1947 facilia
289 1886 336 1947 illa
345 1886 480 1969 quidem,
490 1908 546 1947 nec
557 1887 773 1947 contemnenda
782 1886 873 1968 (quid

187 1968 266 2027 enim
280 1965 349 2028 ellet
361 1971 391 2026 iu
403 1968 511 2027 virtute
527 1983 640 2036 tantum
652 1965 689 2047 ἓ)
705 1965 755 2026 sed
771 1985 802 2026 ut
814 1969 872 2026 hoc

185 2044 400 2128 judicaremus,
420 2067 483 2107 non
497 2045 554 2106 elie
573 2048 603 2104 in
614 2047 659 2106 his
677 2064 789 2126 partem
807 2068 874 2108 ma·
946 2103 950 2109 .

186 2128 296 2187 trimam
316 2127 445 2205 positam
467 2142 515 2185 aut
539 2126 625 2186 beare
648 2144 696 2186 aut
720 2125 799 2186 secus
823 2130 874 2187 vi·

187 2205 291 2266 vendi.
315 2205 365 2262 Ad
376 2204 518 2264 summum
530 2247 540 2276 ‚
553 2227 608 2278 ea,
622 2225 685 2284 quae
701 2205 784 2264 Zeno
803 2205 874 2265 aesti-

186 2285 317 2357 manda,
332 2284 365 2343 &
383 2283 540 2356 sumenda,
562 2286 595 2344 dc
612 2303 680 2363 apra
692 2303 799 2345 naturae
816 2284 873 2349 effe

185 2367 282 2438 dixit,
308 2365 415 2424 eadem
436 2363 475 2423 illi
495 2363 574 2424 bona
593 2365 761 2445 appellant:
781 2370 873 2429 vitam

185 2466 285 2508 aurem
305 2444 423 2506 beatam
438 2445 478 2505 illi
496 2466 580 2520 eam,
598 2467 662 2528 quae
678 2447 819 2510 constaret
834 2469 871 2510 ex

184 2529 219 2590 iis
238 2527 344 2600 rebus,
367 2547 438 2608 quas
461 2526 548 2602 dixi,
572 2546 621 2589 aut
644 2528 798 2609 plurimis,
822 2548 872 2590 aut

185 2608 369 2690 gravissimis.
399 2607 481 2667 Zeno
508 2627 633 2680 autern,
657 2611 738 2690 quod
763 2609 872 2681 suam,

184 2688 266 2769 quod
277 2687 433 2822 propriam
451 2686 578 2766 speciem
595 2688 700 2751 habeat
718 2734 727 2762 ‚
747 2710 798 2748 cur
817 2711 874 2766 ap·

296 2786 346 2824 um
359 2766 416 2836 sit,
430 2766 460 2823 id
481 2767 573 2826 solum
591 2769 703 2828 bouum
720 2767 872 2847 appellat;

208 2783 275 2826 eren

183 2788 306 2909 deatam
322 2859 420 2901 autem
430 2845 521 2906 vitatu
533 2865 600 2908 eam
610 2845 716 2920 solam,
727 2867 792 2926 quae
806 2866 872 2907 cum

184 2926 295 2992 virtute
316 2921 450 3003 degatur.

705 3001 796 3090 liv,-
