2125 4067
242 506 322 602 '176
395 506 476 576 Da
517 508 801 578 tauteus*-

245 621 362 694 lerem‚
384 620 467 682 stultd
488 623 622 702 antiquos
644 620 741 682 dtxiffe
757 622 812 703 per'
827 619 864 691 se:
878 621 935 686 effe

245 703 431 782 expetenda3
446 703 477 763 δι
492 701 630 762 sumenda
647 703 744 782 potius
755 747 765 775 ,
775 701 867 783 qudam
885 725 936 780 ex·

243 783 389 862 petenda:
409 782 571 862 eademque
585 782 622 842 de
636 784 717 842 omui
730 786 793 844 vita
802 828 813 856 ‚
822 788 893 864 'quae
905 788 934 845 iu

243 882 300 941 uma
316 866 422 924 virtute
440 862 609 924 consisteret
619 866 631 921 ι’
644 863 724 922 illam
738 865 832 923 vitatu
844 907 855 936 ‚
867 886 934 1004 qun

886 948 935 1005 dm

245 945 334 1004 etiam
350 949 452 1006 ceteris
471 946 578 1016 rebus,
591 964 656 1025 quae
668 941 759 1004 essent
775 942 865 1005 secun

244 1041 377 1085 naturam
395 1071 404 1100 ‚
423 1025 610 1099 abundaret,
632 1024 722 1105 magis
737 1026 934 1105 expetendam

246 1125 310 1166 uon
330 1104 387 1167 esse
404 1151 413 1179 ‚
432 1106 482 1168 sed
501 1107 591 1186 magis
612 1103 807 1165 sumendam:
828 1126 935 1186 quum-

248 1206 306 1266 que
320 1186 377 1266 ipsa
394 1190 483 1247 virtus
506 1184 612 1247 efficiat
628 1187 668 1244 ita
683 1185 801 1244 beatam
817 1189 933 1259 vitam,

246 1282 280 1325 ut
297 1268 408 1327 beatior
420 1265 476 1326 esse
490 1286 550 1325 nou
566 1267 677 1345 possit,
687 1281 786 1327 tamen
802 1266 934 1346 quaedam

247 1345 345 1407 deesse
357 1344 550 1425 sapientibus,
567 1362 650 1418 tum,
670 1365 760 1426 quum
779 1344 844 1405 sunt
861 1346 933 1407 bea·

246 1427 367 1485 tissimi:
382 1429 477 1506 iraque
492 1445 544 1485 eos
557 1424 587 1483 id
603 1445 690 1506 agere
701 1470 711 1498 ,
722 1442 757 1485 ut
772 1424 832 1486 ase
846 1425 934 1489 dolo·
950 1440 952 1445 '

247 1524 315 1577 res,
336 1506 476 1578 morbos,
492 1505 654 1565 debilitates
670 1505 826 1586 repellant.¹
861 1580 863 1585 Ι
923 1550 926 1559 ·

289 1583 349 1646 lx.
373 1585 404 1647 0
417 1591 558 1668 'magnam
576 1588 661 1645 vimi
702 1589 779 1659 erui,
804 1585 934 1648 causam·

246 1685 304 1805 que
321 1664 442 1745 justam,
456 1689 506 1726 cur
519 1689 599 1727 nova
613 1671 671 1727 exsi
698 1684 760 1728 eret
774 1666 930 1750 disciplinas

274 1765 343 1828 erge
367 1749 480 1827 porro:
501 1749 654 1828 sequentur
677 1748 788 1822 euit'u,
813 1768 879 1830 qua
898 1766 932 1809 tu

246 1823 431 1887 scientissimd
454 1831 624 1909 complexus
644 1847 703 1898 es,
724 1848 848 1889 omnem
867 1832 933 1888 iusi-

244 1907 386 1989 pientiam
409 1909 442 1969 &
459 1908 646 1988 injustitiam,
665 1909 719 1966 alia
738 1909 820 1984 uitia¹
831 1908 932 1970 similia

248 1986 325 2060 esse,
346 1992 501 2070 omniaque
521 2005 643 2069 peccata
663 1986 720 2048 esse
739 1991 848 2069 paria,
866 2008 931 2049 eos·

249 2089 326 2151 que,
341 2071 389 2151 qui
400 2076 498 2130 naturas
511 2069 698 2148 doariudque
715 2068 766 2128 lon
789 2070 805 2129 ὲ
819 2069 857 2130 ad
873 2069 948 2129 vire-

246 2167 341 2210 tutem
360 2149 582 2230 processissent,
600 2151 653 2208 nisi
671 2169 736 2211 eam
752 2088 839 2231 piene
859 2171 932 2210 eon·

240 2229 337 2291 secuti
353 2228 460 2304 essent,
479 2231 589 2290 summ&
605 2228 661 2289 esse
680 2228 821 2302 miseros,
838 2251 933 2313 neque

248 2313 322 2371 iuter
346 2331 449 2371 eorum
475 2314 566 2372 vitam
593 2311 625 2369 &
653 2311 932 2390 improbissimorum

249 2392 406 2469 quidquam
420 2395 541 2450 omnino
554 2389 703 2451 interesse:
718 2407 749 2450 ut
760 2390 861 2466 Plato,
872 2408 932 2452 tau·

247 2486 294 2529 tus
314 2469 362 2528 iile
382 2471 446 2543 vir,
468 2475 491 2529 si
505 2475 617 2548 sapiens
637 2492 697 2530 nou
712 2469 824 2543 suerit,
844 2472 932 2532 nihilo

247 2548 355 2607 melius
370 2549 457 2629 quim
486 2553 579 2630 quivis
600 2551 857 2628 improbissimus,
879 2572 932 2612 uec

248 2629 360 2688 beatius
376 2630 490 2689 vixerit.
511 2629 583 2688 Haec
601 2629 736 2691 videlicet
754 2630 794 2691 est
817 2652 933 2692 correc-

245 2711 288 2770 tio
306 2709 495 2790 pbilosophiae
505 2711 613 2771 veteris
623 2711 655 2770 &
666 2711 835 2772 emendatio
846 2733 857 2784 ;
868 2730 930 2793 qua

245 2794 367 2851 omuino
384 2790 493 2850 aditum
514 2791 622 2851 habere
647 2791 758 2850 nullum
782 2790 881 2872 potest
902 2794 932 2851 in

245 2875 370 2943 urbem,
384 2873 419 2931 iu
439 2870 555 2943 forum,
575 2874 750 2931 incutiam:
770 2875 834 2952 quis
854 2874 933 2932 enim

245 2951 321 3013 serre
345 2951 437 3033 posset
456 2955 494 3012 ita
514 2953 686 3033 loquentem
709 2973 806 3025 eum,
832 2955 884 3033 qui
905 2951 949 3013 se·

247 3032 394 3097 auderem
413 3033 488 3103 ¹vita
509 3077 518 3108 ‚
541 3033 667 3118 graviter
687 3034 721 3096 δι
738 3031 883 3116 sapienter
900 3053 933 3094 a·
