2125 4067
186 493 265 593 348
316 476 732 562 Tvscvumv‘n

184 613 271 670 toris:
291 610 330 668 ait
346 610 424 669 enim
436 606 601 668 Terinaeum
621 604 781 687 quemdam
798 602 876 689 Hya

188 694 287 761 sium,
307 710 395 769 quum
410 689 535 770 graviter
554 684 604 745 filii
624 703 753 747 mortem
767 708 874 750 moere1·

187 786 255 842 ret,
271 768 378 829 veniffe
394 772 424 827 in
439 767 720 848 Psychomantium‚
739 788 873 848 quaeren-

186 866 248 908 tem
258 869 321 928 quae
329 846 422 909 fuiffet
429 864 518 907 tantae
527 847 695 905 calamitatis
703 847 873 909 causazhuit

186 930 216 988 in
226 929 339 990 tabellis
348 926 579 1009 treshujufmoffl
589 926 751 989 venientes
761 928 857 992 datos.

185 1051 280 1120 Ignaris
288 1050 390 1101 homines
398 1050 483 1101 invita
492 1047 606 1099 mentibus
618 1062 720 1099 errant:

184 1124 327 1210 'Euthynous
335 1144 428 1212 potitur
436 1140 557 1209 ,fictorum
573 1156 684 1197 munere,
701 1139 780 1195 latio.

189 1234 232 1285 Sic
244 1234 295 1301 ficit
305 1238 386 1289 utilisst
398 1236 468 1307 finiti
478 1235 696 1303 ipsiquertibique.

234 1344 300 1406 116.
320 1344 416 1404 His&
429 1344 532 1404 talibus
547 1322 711 1406 'auiioribus
723 1346 787 1420 usi,
799 1358 869 1406 toni

189 1423 303 1484 firmant
322 1423 432 1484 causam
453 1425 538 1485 rebus
558 1426 642 1486 adiis
663 1427 870 1487 immortalibus

182 1502 355 1585 judicatam.
367 1504 532 1564 Alcidamas
547 1507 666 1587 quidem
674 1551 684 1581 ,
692 1507 795 1567 rhetor
806 1507 871 1566 anti·

184 1604 279 1723 fluns,
293 1586 322 1643 in
334 1587 431 1665 primis
442 1586 567 1661 nobilis,
584 1586 697 1668 scripsit
708 1588 798 1647 etiam
811 1586 871 1646 lau·

212 1666 338 1724 ationem
349 1668 450 1725 monis
460 1709 471 1740 ‚
481 1684 545 1748 quae
555 1666 664 1727 constat
680 1686 716 1727 ex
726 1686 872 1745 enumera·

188 1746 271 1804 tione
289 1745 481 1806 humanorum
497 1746 639 1807 malorum
652 1768 666 1819 ;.
680 1748 731 1807 cui
747 1750 871 1809 canones

184 1832 249 1901 ee,
263 1846 327 1965 <guae
340 1828 530 1908 exquisitiiisa
542 1827 721 1909 philosophis
734 1828 873 1911 coliigun-

188 1922 253 1978 tur,
289 1905 440 1983 emerunt,
456 1908 572 1967 ubertas
582 1911 721 1968 orationis
738 1922 801 1970 non
817 1909 872 1968 de·-

180 1984 253 2046 'fuit
271 1984 365 2049 Clarae
379 1990 452 2048 verb
471 2004 581 2049 mortes
597 2010 652 2069 pro
670 1990 765 2069 patria
779 2007 871 2070 oppe-

190 2069 268 2140 titae‚
290 2090 350 2128 non
368 2068 460 2128 solim
479 2067 608 2151 gloriosae
624 2069 812 2143 rhetoribus,
824 2066 871 2130 sed

192 2151 279 2208 etiam
304 2150 394 2208 beatae
417 2150 510 2209 videri
535 2149 652 2209 solent:
675 2166 812 2230 repetunt
837 2148 871 2208 ab

193 2226 356 2290 Erechtheo
372 2226 478 2311 (cujus
495 2233 582 2290 etiam
595 2228 660 2289 filiae
675 2229 780 2311 cupide
792 2250 872 2289 mot-

191 2326 252 2370 tem
273 2313 474 2391 expetiverunt
494 2331 548 2391 pro
569 2314 629 2371 vita
651 2308 789 2393 civium)
807 2308 872 2371 Co·

192 2389 296 2461 dnum,
319 2389 408 2470 quise
425 2395 454 2450 in
476 2392 589 2451 medios
612 2392 729 2451 immisit
750 2389 870 2464 hostes,

191 2467 271 2528 veste
283 2469 434 2542 famulari,
451 2490 487 2530 ne
499 2469 591 2551 poffet
608 2470 743 2552 agnosci,
757 2472 782 2529 si
798 2467 868 2529 ess'et

192 2566 296 2606 ornatu
309 2553 389 2629 regio
402 2594 412 2618 ‚
427 2553 507 2629 qubd
522 2553 670 2611 oraculum
681 2565 740 2611 eret
750 2548 865 2623 datum,

191 2630 214 2687 si
233 2648 283 2688 rex
296 2627 462 2688 interfeihn
481 2628 573 2704 effen,
593 2631 722 2691 victrices
736 2628 867 2691 Athenas

190 2707 261 2769 fore.
283 2708 453 2769 Menoeceus
470 2732 530 2770 non
548 2713 772 2791 praetermittitur
789 2731 800 2783 ·,
822 2711 871 2790 qui

192 2789 307 2850 oraculo
321 2789 400 2865 edito
412 2790 528 2872 largitus
539 2790 580 2851 est
596 2795 695 2870 patriae
710 2791 791 2852 suum
804 2790 870 2849 san·

209 2872 315 2931 uinetn.
326 2869 474 2954 Iphigenia
486 2871 593 2932 Aulide
605 2872 670 2930 duci
678 2870 707 2931 se
715 2871 870 2933 immolan-

189 2890 255 3011 fiam
268 2949 366 3029 jubet,
376 2971 408 3012 ut
419 2951 541 3013 hostium
550 2951 660 3034 sanguis
672 2952 804 3013 eliciatur
811 2950 873 3017 suo·

167 3030 170 3035 ’
225 3029 352 3097 XLIX.
367 3030 500 3095 Veniunt
510 3034 578 3094 inde
587 3032 624 3094 ἐπὶ
632 3036 784 3114 propiora.
796 3031 870 3093 Har·
