<?xml version="1.0" encoding="UTF-8"?>
<!DOCTYPE html PUBLIC "-//W3C//DTD XHTML 1.0 Transitional//EN"
    "http://www.w3.org/TR/xhtml1/DTD/xhtml1-transitional.dtd">
<html xmlns="http://www.w3.org/1999/xhtml" xml:lang="en" lang="en">
 <head>
  <title>
</title>
<meta http-equiv="Content-Type" content="text/html;charset=utf-8" />
  <meta name='ocr-system' content='tesseract 3.04.00' />
  <meta name='ocr-capabilities' content='ocr_page ocr_carea ocr_par ocr_line ocrx_word'/>
</head>
<body>
  <div class='ocr_page' id='page_1' title='image "./mtulliiciceroni00lallgoog_0272.png"; bbox 0 0 2125 4067; ppageno 0'>
   <div class='ocr_carea' id='block_1_1' title="bbox 194 516 747 606">
    <p class='ocr_par' dir='ltr' id='par_1_1' title="bbox 194 516 747 606">
     <span class='ocr_line' id='line_1_1' title="bbox 194 516 747 606; baseline -0.016 -4"><span class='ocrx_word' id='word_1_1' title='bbox 194 516 271 606; x_wconf 62' lang='lat'>282</span> <span class='ocrx_word' id='word_1_2' title='bbox 324 521 747 595; x_wconf 70' lang='lat' dir='ltr'>Tirtcuznnnnu&#39;nl</span> 
     </span>
    </p>
   </div>
   <div class='ocr_carea' id='block_1_2' title="bbox 182 630 875 3187">
    <p class='ocr_par' dir='ltr' id='par_1_2' title="bbox 182 630 875 3187">
     <span class='ocr_line' id='line_1_2' title="bbox 192 630 874 723; baseline -0.007 -19"><span class='ocrx_word' id='word_1_3' title='bbox 192 644 282 723; x_wconf 76' lang='lat' dir='ltr'>toepit</span> <span class='ocrx_word' id='word_1_4' title='bbox 303 637 501 702; x_wconf 83' lang='lat' dir='ltr'>adolescentes</span> <span class='ocrx_word' id='word_1_5' title='bbox 520 639 629 701; x_wconf 82' lang='lat' dir='ltr'>doteie</span> <span class='ocrx_word' id='word_1_6' title='bbox 643 649 660 711; x_wconf 88' lang='lat'>&#39;,</span> <span class='ocrx_word' id='word_1_7' title='bbox 684 638 719 699; x_wconf 90' lang='lat'>&amp;</span> <span class='ocrx_word' id='word_1_8' title='bbox 747 630 874 720; x_wconf 63' lang='lat' dir='ltr'>prudent</span> 
     </span>
     <span class='ocr_line' id='line_1_3' title="bbox 191 717 875 857; baseline -0.004 -76"><span class='ocrx_word' id='word_1_9' title='bbox 191 720 262 782; x_wconf 81' lang='lat' dir='ltr'>iiam</span> <span class='ocrx_word' id='word_1_10' title='bbox 284 729 350 781; x_wconf 83' lang='lat' dir='ltr'>cuin</span> <span class='ocrx_word' id='word_1_11' title='bbox 374 720 540 802; x_wconf 73' lang='lat' dir='ltr'>eloquentia</span> <span class='ocrx_word' id='word_1_12' title='bbox 562 717 709 857; x_wconf 50' lang='lat' dir='ltr'>junpere3</span> <span class='ocrx_word' id='word_1_13' title='bbox 731 722 771 779; x_wconf 89' lang='lat' dir='ltr'>sic</span> <span class='ocrx_word' id='word_1_14' title='bbox 790 722 875 778; x_wconf 74' lang='lat' dir='ltr'>nobis</span> 
     </span>
     <span class='ocr_line' id='line_1_4' title="bbox 191 797 873 884; baseline -0.004 -23"><span class='ocrx_word' id='word_1_15' title='bbox 191 803 289 884; x_wconf 82' lang='lat' dir='ltr'>placet</span> <span class='ocrx_word' id='word_1_16' title='bbox 301 820 355 862; x_wconf 88' lang='lat' dir='ltr'>nec</span> <span class='ocrx_word' id='word_1_17' title='bbox 366 801 511 881; x_wconf 87' lang='lat' dir='ltr'>pristinum</span> <span class='ocrx_word' id='word_1_18' title='bbox 524 801 608 860; x_wconf 87' lang='lat' dir='ltr'>dicen</span> <span class='ocrx_word' id='word_1_19' title='bbox 630 801 640 858; x_wconf 91' lang='lat' dir='ltr'>i</span> <span class='ocrx_word' id='word_1_20' title='bbox 651 797 777 858; x_wconf 83' lang='lat' dir='ltr'>studium</span> <span class='ocrx_word' id='word_1_21' title='bbox 788 799 873 880; x_wconf 88' lang='lat' dir='ltr'>depo·</span> 
     </span>
     <span class='ocr_line' id='line_1_5' title="bbox 191 878 874 960; baseline -0.003 -18"><span class='ocrx_word' id='word_1_22' title='bbox 191 892 262 943; x_wconf 87' lang='lat' dir='ltr'>nere</span> <span class='ocrx_word' id='word_1_23' title='bbox 278 926 287 955; x_wconf 86' lang='lat'>‚</span> <span class='ocrx_word' id='word_1_24' title='bbox 304 883 336 942; x_wconf 90' lang='lat'>&amp;</span> <span class='ocrx_word' id='word_1_25' title='bbox 356 880 386 940; x_wconf 83' lang='lat' dir='ltr'>in</span> <span class='ocrx_word' id='word_1_26' title='bbox 403 882 455 942; x_wconf 87' lang='lat' dir='ltr'>hac</span> <span class='ocrx_word' id='word_1_27' title='bbox 476 878 637 960; x_wconf 74' lang='lat' dir='ltr'>majore&amp;</span> <span class='ocrx_word' id='word_1_28' title='bbox 657 880 795 940; x_wconf 75' lang='lat' dir='ltr'>uberiore</span> <span class='ocrx_word' id='word_1_29' title='bbox 816 892 874 940; x_wconf 81' lang='lat' dir='ltr'>atte&#39;</span> 
     </span>
     <span class='ocr_line' id='line_1_6' title="bbox 191 954 873 1041; baseline -0.003 -19"><span class='ocrx_word' id='word_1_30' title='bbox 191 962 297 1022; x_wconf 79' lang='lat' dir='ltr'>versari</span> <span class='ocrx_word' id='word_1_31' title='bbox 316 967 326 1032; x_wconf 74' lang='grc' dir='ltr'>ς’</span> <span class='ocrx_word' id='word_1_32' title='bbox 352 961 425 1022; x_wconf 89' lang='lat' dir='ltr'>hanc</span> <span class='ocrx_word' id='word_1_33' title='bbox 451 964 530 1023; x_wconf 88' lang='lat' dir='ltr'>enim</span> <span class='ocrx_word' id='word_1_34' title='bbox 558 954 720 1041; x_wconf 69' lang='lat' dir='ltr'>perledlam</span> <span class='ocrx_word' id='word_1_35' title='bbox 745 959 873 1041; x_wconf 66' lang='lat' dir='ltr'>philoso⁴</span> 
     </span>
     <span class='ocr_line' id='line_1_7' title="bbox 189 1039 872 1124; baseline -0.004 -22"><span class='ocrx_word' id='word_1_36' title='bbox 189 1044 290 1124; x_wconf 86' lang='lat' dir='ltr'>phiam</span> <span class='ocrx_word' id='word_1_37' title='bbox 303 1042 415 1124; x_wconf 70' lang='lat' dir='ltr'>semper</span> <span class='ocrx_word' id='word_1_38' title='bbox 433 1040 560 1122; x_wconf 77' lang='lat' dir='ltr'>judicavi</span> <span class='ocrx_word' id='word_1_39' title='bbox 574 1085 583 1113; x_wconf 95' lang='lat'>,</span> <span class='ocrx_word' id='word_1_40' title='bbox 599 1058 664 1119; x_wconf 84' lang='lat' dir='ltr'>quae</span> <span class='ocrx_word' id='word_1_41' title='bbox 683 1039 723 1100; x_wconf 86' lang='lat' dir='ltr'>de</span> <span class='ocrx_word' id='word_1_42' title='bbox 733 1041 872 1099; x_wconf 77' lang='lat' dir='ltr'>maximis</span> 
     </span>
     <span class='ocr_line' id='line_1_8' title="bbox 190 1115 872 1204; baseline -0.009 -21"><span class='ocrx_word' id='word_1_43' title='bbox 190 1123 393 1204; x_wconf 79' lang='lat' dir='ltr'>quaestionibus</span> <span class='ocrx_word' id='word_1_44' title='bbox 407 1122 528 1204; x_wconf 72' lang='lat' dir='ltr'>copiose</span> <span class='ocrx_word' id='word_1_45' title='bbox 541 1115 810 1201; x_wconf 71' lang='lat' dir='ltr'>pollet&#39;omatdque</span> <span class='ocrx_word' id='word_1_46' title='bbox 828 1121 872 1178; x_wconf 80' lang='lat' dir='ltr'>di-</span> 
     </span>
     <span class='ocr_line' id='line_1_9' title="bbox 191 1201 874 1284; baseline -0.006 -21"><span class='ocrx_word' id='word_1_47' title='bbox 191 1208 259 1264; x_wconf 79' lang='lat' dir='ltr'>t&#39;ere</span> <span class='ocrx_word' id='word_1_48' title='bbox 284 1225 293 1262; x_wconf 78' lang='lat' dir='ltr'>t</span> <span class='ocrx_word' id='word_1_49' title='bbox 321 1206 351 1262; x_wconf 90' lang='lat' dir='ltr'>in</span> <span class='ocrx_word' id='word_1_50' title='bbox 377 1222 464 1284; x_wconf 89' lang='lat' dir='ltr'>quam</span> <span class='ocrx_word' id='word_1_51' title='bbox 490 1201 729 1261; x_wconf 63' lang='lat' dir='ltr'>exercitationem</span> <span class='ocrx_word' id='word_1_52' title='bbox 755 1203 796 1260; x_wconf 84' lang='lat' dir='ltr'>ita</span> <span class='ocrx_word' id='word_1_53' title='bbox 822 1219 874 1260; x_wconf 77' lang='lat' dir='ltr'>nos</span> 
     </span>
     <span class='ocr_line' id='line_1_10' title="bbox 190 1277 873 1361; baseline -0.003 -19"><span class='ocrx_word' id='word_1_54' title='bbox 190 1282 316 1343; x_wconf 66' lang='lat' dir='ltr'>studiosi</span> <span class='ocrx_word' id='word_1_55' title='bbox 333 1286 454 1361; x_wconf 73' lang='lat' dir='ltr'>operam‘</span> <span class='ocrx_word' id='word_1_56' title='bbox 472 1280 628 1354; x_wconf 74' lang='lat' dir='ltr'>dedimus,</span> <span class='ocrx_word' id='word_1_57' title='bbox 652 1297 684 1340; x_wconf 92' lang='lat' dir='ltr'>ut</span> <span class='ocrx_word' id='word_1_58' title='bbox 705 1277 766 1359; x_wconf 81' lang='lat' dir='ltr'>j&#39;a&#39;tn</span> <span class='ocrx_word' id='word_1_59' title='bbox 788 1281 873 1355; x_wconf 85' lang='lat' dir='ltr'>etiam</span> 
     </span>
     <span class='ocr_line' id='line_1_11' title="bbox 188 1358 872 1435; baseline -0.003 -12"><span class='ocrx_word' id='word_1_60' title='bbox 188 1361 299 1424; x_wconf 86' lang='lat' dir='ltr'>scholas</span> <span class='ocrx_word' id='word_1_61' title='bbox 329 1358 499 1433; x_wconf 75' lang='lat' dir='ltr'>Graecorum</span> <span class='ocrx_word' id='word_1_62' title='bbox 519 1381 603 1422; x_wconf 86' lang='lat' dir='ltr'>more</span> <span class='ocrx_word' id='word_1_63' title='bbox 621 1360 729 1435; x_wconf 84' lang='lat' dir='ltr'>habere</span> <span class='ocrx_word' id='word_1_64' title='bbox 751 1362 872 1422; x_wconf 66' lang='lat' dir='ltr'>audete*</span> 
     </span>
     <span class='ocr_line' id='line_1_12' title="bbox 188 1431 872 1581; baseline -0.003 -79"><span class='ocrx_word' id='word_1_65' title='bbox 188 1451 276 1581; x_wconf 52' lang='lat' dir='ltr'>pium</span> <span class='ocrx_word' id='word_1_66' title='bbox 305 1456 337 1501; x_wconf 84' lang='lat' dir='ltr'>u&#39;t</span> <span class='ocrx_word' id='word_1_67' title='bbox 363 1453 454 1525; x_wconf 83' lang='lat' dir='ltr'>n&#39;up&#39;er</span> <span class='ocrx_word' id='word_1_68' title='bbox 483 1452 569 1503; x_wconf 85' lang='lat' dir='ltr'>tuum&#39;</span> <span class='ocrx_word' id='word_1_69' title='bbox 589 1431 654 1522; x_wconf 80' lang='lat' dir='ltr'>post</span> <span class='ocrx_word' id='word_1_70' title='bbox 674 1439 823 1502; x_wconf 82' lang='lat' dir='ltr'>disceffum</span> <span class='ocrx_word' id='word_1_71' title='bbox 844 1444 872 1500; x_wconf 86' lang='lat' dir='ltr'>in</span> 
     </span>
     <span class='ocr_line' id='line_1_13' title="bbox 218 1520 872 1605; baseline -0.003 -23"><span class='ocrx_word' id='word_1_72' title='bbox 218 1523 351 1582; x_wconf 82' lang='lat' dir='ltr'>usculano</span> <span class='ocrx_word' id='word_1_73' title='bbox 372 1569 381 1599; x_wconf 92' lang='lat'><strong>‚</strong></span> <span class='ocrx_word' id='word_1_74' title='bbox 406 1528 495 1605; x_wconf 80' lang='lat' dir='ltr'>quum</span> <span class='ocrx_word' id='word_1_75' title='bbox 520 1520 610 1584; x_wconf 86' lang='lat' dir='ltr'>elsent</span> <span class='ocrx_word' id='word_1_76' title='bbox 636 1522 735 1602; x_wconf 81' lang='lat' dir='ltr'>plures</span> <span class='ocrx_word' id='word_1_77' title='bbox 757 1536 872 1584; x_wconf 79' lang='lat' dir='ltr'>mecum</span> 
     </span>
     <span class='ocr_line' id='line_1_14' title="bbox 186 1600 872 1685; baseline 0.001 -22"><span class='ocrx_word' id='word_1_78' title='bbox 186 1600 364 1676; x_wconf 76' lang='lat' dir='ltr'>familiares,</span> <span class='ocrx_word' id='word_1_79' title='bbox 391 1606 525 1676; x_wconf 87' lang='lat' dir='ltr'>tentavi,</span> <span class='ocrx_word' id='word_1_80' title='bbox 548 1602 617 1684; x_wconf 89' lang='lat' dir='ltr'>quid</span> <span class='ocrx_word' id='word_1_81' title='bbox 643 1604 674 1661; x_wconf 87' lang='lat' dir='ltr'>in</span> <span class='ocrx_word' id='word_1_82' title='bbox 691 1620 739 1684; x_wconf 56' lang='grc' dir='ltr'>ρο,</span> <span class='ocrx_word' id='word_1_83' title='bbox 766 1620 872 1685; x_wconf 74' lang='lat' dir='ltr'>genere</span> 
     </span>
     <span class='ocr_line' id='line_1_15' title="bbox 186 1680 871 1821; baseline 0.003 -79"><span class='ocrx_word' id='word_1_84' title='bbox 186 1680 316 1821; x_wconf 55' lang='lat' dir='ltr'>¹gossem:</span> <span class='ocrx_word' id='word_1_85' title='bbox 333 1700 364 1741; x_wconf 85' lang='lat' dir='ltr'>ut</span> <span class='ocrx_word' id='word_1_86' title='bbox 381 1687 458 1744; x_wconf 84' lang='lat' dir='ltr'>e&#39;nim</span> <span class='ocrx_word' id='word_1_87' title='bbox 471 1701 556 1744; x_wconf 87' lang='lat' dir='ltr'>antea</span> <span class='ocrx_word' id='word_1_88' title='bbox 569 1681 794 1744; x_wconf 77' lang='lat' dir='ltr'>declamitabam</span> <span class='ocrx_word' id='word_1_89' title='bbox 804 1703 871 1744; x_wconf 49' lang='lat' dir='ltr'>caue</span> 
     </span>
     <span class='ocr_line' id='line_1_16' title="bbox 216 1758 871 1842; baseline 0.005 -22"><span class='ocrx_word' id='word_1_90' title='bbox 216 1783 253 1836; x_wconf 87' lang='lat' dir='ltr'>s,</span> <span class='ocrx_word' id='word_1_91' title='bbox 275 1758 356 1842; x_wconf 89' lang='lat' dir='ltr'>quod</span> <span class='ocrx_word' id='word_1_92' title='bbox 383 1780 474 1824; x_wconf 88' lang='lat' dir='ltr'>nemo</span> <span class='ocrx_word' id='word_1_93' title='bbox 499 1778 549 1824; x_wconf 86' lang='lat' dir='ltr'>tne¹</span> <span class='ocrx_word' id='word_1_94' title='bbox 575 1763 680 1822; x_wconf 86' lang='lat' dir='ltr'>diutius</span> <span class='ocrx_word' id='word_1_95' title='bbox 707 1763 801 1838; x_wconf 81' lang='lat' dir='ltr'>fecit3</span> <span class='ocrx_word' id='word_1_96' title='bbox 831 1763 871 1823; x_wconf 82' lang='lat' dir='ltr'>sio&#39;</span> 
     </span>
     <span class='ocr_line' id='line_1_17' title="bbox 187 1828 870 1905; baseline 0.004 -4"><span class='ocrx_word' id='word_1_97' title='bbox 187 1828 250 1902; x_wconf 82' lang='lat' dir='ltr'>baec</span> <span class='ocrx_word' id='word_1_98' title='bbox 268 1858 344 1901; x_wconf 79' lang='lat' dir='ltr'>nunc</span> <span class='ocrx_word' id='word_1_99' title='bbox 361 1845 429 1903; x_wconf 91' lang='lat' dir='ltr'>mihi</span> <span class='ocrx_word' id='word_1_100' title='bbox 447 1844 540 1903; x_wconf 78' lang='lat' dir='ltr'>senilis</span> <span class='ocrx_word' id='word_1_101' title='bbox 558 1841 600 1903; x_wconf 93' lang='lat' dir='ltr'>est</span> <span class='ocrx_word' id='word_1_102' title='bbox 616 1842 803 1905; x_wconf 86' lang='lat' dir='ltr'>declamatio.</span> <span class='ocrx_word' id='word_1_103' title='bbox 817 1841 870 1904; x_wconf 63' lang='lat' dir='ltr'>Poe</span> 
     </span>
     <span class='ocr_line' id='line_1_18' title="bbox 185 1921 871 2005; baseline 0.003 -23"><span class='ocrx_word' id='word_1_104' title='bbox 185 1934 258 1983; x_wconf 84' lang='lat' dir='ltr'>nere</span> <span class='ocrx_word' id='word_1_105' title='bbox 273 1921 428 2001; x_wconf 80' lang='lat' dir='ltr'>jubebam,</span> <span class='ocrx_word' id='word_1_106' title='bbox 445 1924 484 1984; x_wconf 86' lang='lat' dir='ltr'>de</span> <span class='ocrx_word' id='word_1_107' title='bbox 494 1945 553 2005; x_wconf 93' lang='lat' dir='ltr'>quo</span> <span class='ocrx_word' id='word_1_108' title='bbox 569 1925 631 2005; x_wconf 86' lang='lat' dir='ltr'>quis</span> <span class='ocrx_word' id='word_1_109' title='bbox 647 1923 750 2000; x_wconf 84' lang='lat' dir='ltr'>audire</span> <span class='ocrx_word' id='word_1_110' title='bbox 764 1924 871 1996; x_wconf 65' lang='lat' dir='ltr'>vellet}</span> 
     </span>
     <span class='ocr_line' id='line_1_19' title="bbox 186 2002 871 2142; baseline 0.001 -78"><span class='ocrx_word' id='word_1_111' title='bbox 186 2002 280 2142; x_wconf 77' lang='lat' dir='ltr'>&amp;bid</span> <span class='ocrx_word' id='word_1_112' title='bbox 307 2021 355 2064; x_wconf 88' lang='lat' dir='ltr'>aut</span> <span class='ocrx_word' id='word_1_113' title='bbox 374 2004 500 2077; x_wconf 78' lang='lat' dir='ltr'>sedens,</span> <span class='ocrx_word' id='word_1_114' title='bbox 526 2015 575 2063; x_wconf 85' lang='lat' dir='ltr'>aut</span> <span class='ocrx_word' id='word_1_115' title='bbox 601 2003 755 2064; x_wconf 81' lang='lat' dir='ltr'>ambulans</span> <span class='ocrx_word' id='word_1_116' title='bbox 779 2003 871 2085; x_wconf 80' lang='lat' dir='ltr'>dispu-</span> 
     </span>
     <span class='ocr_line' id='line_1_20' title="bbox 188 2092 298 2144; baseline -0.027 0"><span class='ocrx_word' id='word_1_117' title='bbox 188 2092 218 2144; x_wconf 80' lang='lat' dir='ltr'>ia</span> <span class='ocrx_word' id='word_1_118' title='bbox 241 2105 298 2142; x_wconf 88' lang='lat' dir='ltr'>am.</span> 
     </span>
     <span class='ocr_line' id='line_1_21' title="bbox 191 2144 872 2243; baseline 0.001 -20"><span class='ocrx_word' id='word_1_119' title='bbox 191 2174 194 2181; x_wconf 84' lang='lat'>&#39;</span> <span class='ocrx_word' id='word_1_120' title='bbox 226 2154 256 2223; x_wconf 79' lang='lat'>8.</span> <span class='ocrx_word' id='word_1_121' title='bbox 281 2144 381 2243; x_wconf 84' lang='lat' dir='ltr'>itaque</span> <span class='ocrx_word' id='word_1_122' title='bbox 404 2150 516 2222; x_wconf 84' lang='lat' dir='ltr'>dierum</span> <span class='ocrx_word' id='word_1_123' title='bbox 539 2163 665 2242; x_wconf 87' lang='lat' dir='ltr'>quinque</span> <span class='ocrx_word' id='word_1_124' title='bbox 686 2149 821 2237; x_wconf 80' lang='lat' dir='ltr'>scholas,</span> <span class='ocrx_word' id='word_1_125' title='bbox 839 2168 872 2224; x_wconf 75' lang='lat' dir='ltr'>ul</span> 
     </span>
     <span class='ocr_line' id='line_1_22' title="bbox 185 2240 871 2324; baseline 0 -20"><span class='ocrx_word' id='word_1_126' title='bbox 185 2240 284 2304; x_wconf 87' lang='lat' dir='ltr'>Graeci</span> <span class='ocrx_word' id='word_1_127' title='bbox 308 2243 454 2324; x_wconf 86' lang='lat' dir='ltr'>appellant</span> <span class='ocrx_word' id='word_1_128' title='bbox 468 2290 477 2317; x_wconf 91' lang='lat'>,</span> <span class='ocrx_word' id='word_1_129' title='bbox 493 2246 528 2302; x_wconf 81' lang='lat' dir='ltr'>&#39;in</span> <span class='ocrx_word' id='word_1_130' title='bbox 547 2244 672 2302; x_wconf 89' lang='lat' dir='ltr'>totidem</span> <span class='ocrx_word' id='word_1_131' title='bbox 689 2243 780 2304; x_wconf 87' lang='lat' dir='ltr'>libros</span> <span class='ocrx_word' id='word_1_132' title='bbox 796 2265 871 2304; x_wconf 71' lang='lat' dir='ltr'>c0n⁴</span> 
     </span>
     <span class='ocr_line' id='line_1_23' title="bbox 189 2319 873 2405; baseline 0.003 -23"><span class='ocrx_word' id='word_1_133' title='bbox 189 2323 358 2383; x_wconf 77' lang='lat' dir='ltr'>tulitfiebat</span> <span class='ocrx_word' id='word_1_134' title='bbox 376 2343 472 2384; x_wconf 82' lang='lat' dir='ltr'>autem</span> <span class='ocrx_word' id='word_1_135' title='bbox 493 2326 531 2381; x_wconf 78' lang='lat' dir='ltr'>ira</span> <span class='ocrx_word' id='word_1_136' title='bbox 546 2368 556 2396; x_wconf 82' lang='lat'><em>‚</em></span> <span class='ocrx_word' id='word_1_137' title='bbox 572 2341 627 2396; x_wconf 84' lang='lat' dir='ltr'>ut,</span> <span class='ocrx_word' id='word_1_138' title='bbox 646 2344 736 2405; x_wconf 83' lang='lat' dir='ltr'>quum</span> <span class='ocrx_word' id='word_1_139' title='bbox 758 2326 803 2396; x_wconf 84' lang='lat' dir='ltr'>is,</span> <span class='ocrx_word' id='word_1_140' title='bbox 822 2319 873 2405; x_wconf 80' lang='lat' dir='ltr'>qui</span> 
     </span>
     <span class='ocr_line' id='line_1_24' title="bbox 187 2403 870 2484; baseline 0.009 -26"><span class='ocrx_word' id='word_1_141' title='bbox 187 2403 286 2481; x_wconf 81' lang='lat' dir='ltr'>andire</span> <span class='ocrx_word' id='word_1_142' title='bbox 307 2405 418 2476; x_wconf 87' lang='lat' dir='ltr'>vellet,</span> <span class='ocrx_word' id='word_1_143' title='bbox 439 2403 571 2476; x_wconf 88' lang='lat' dir='ltr'>dixillet,</span> <span class='ocrx_word' id='word_1_144' title='bbox 593 2405 663 2484; x_wconf 87' lang='lat' dir='ltr'>quid</span> <span class='ocrx_word' id='word_1_145' title='bbox 680 2405 734 2464; x_wconf 89' lang='lat' dir='ltr'>sibi</span> <span class='ocrx_word' id='word_1_146' title='bbox 752 2405 870 2464; x_wconf 82' lang='lat' dir='ltr'>videre·¹</span> 
     </span>
     <span class='ocr_line' id='line_1_25' title="bbox 183 2480 871 2574; baseline 0.009 -37"><span class='ocrx_word' id='word_1_147' title='bbox 183 2488 251 2552; x_wconf 84' lang='lat' dir='ltr'>tur,</span> <span class='ocrx_word' id='word_1_148' title='bbox 275 2499 339 2540; x_wconf 88' lang='lat' dir='ltr'>tum</span> <span class='ocrx_word' id='word_1_149' title='bbox 363 2504 420 2574; x_wconf 74' lang='lat' dir='ltr'>ego</span> <span class='ocrx_word' id='word_1_150' title='bbox 447 2483 548 2543; x_wconf 74' lang='lat' dir='ltr'>contrd</span> <span class='ocrx_word' id='word_1_151' title='bbox 572 2483 701 2544; x_wconf 85' lang='lat' dir='ltr'>dicerem</span> <span class='ocrx_word' id='word_1_152' title='bbox 715 2504 727 2543; x_wconf 60' lang='lat'>:1</span> <span class='ocrx_word' id='word_1_153' title='bbox 747 2483 808 2542; x_wconf 83' lang='lat' dir='ltr'>haec</span> <span class='ocrx_word' id='word_1_154' title='bbox 824 2480 871 2543; x_wconf 77' lang='lat' dir='ltr'>est</span> 
     </span>
     <span class='ocr_line' id='line_1_26' title="bbox 183 2554 869 2637; baseline 0.007 -18"><span class='ocrx_word' id='word_1_155' title='bbox 183 2561 282 2631; x_wconf 84' lang='lat' dir='ltr'>enirn,</span> <span class='ocrx_word' id='word_1_156' title='bbox 306 2578 337 2618; x_wconf 93' lang='lat' dir='ltr'>ut</span> <span class='ocrx_word' id='word_1_157' title='bbox 358 2560 442 2632; x_wconf 78' lang='lat' dir='ltr'>scis,</span> <span class='ocrx_word' id='word_1_158' title='bbox 468 2579 551 2622; x_wconf 85' lang='lat' dir='ltr'>vetus</span> <span class='ocrx_word' id='word_1_159' title='bbox 578 2565 610 2622; x_wconf 79' lang='lat' dir='ltr'>dt</span> <span class='ocrx_word' id='word_1_160' title='bbox 628 2554 774 2637; x_wconf 79' lang='lat' dir='ltr'>Socratica</span> <span class='ocrx_word' id='word_1_161' title='bbox 791 2566 869 2624; x_wconf 85' lang='lat' dir='ltr'>ratio</span> 
     </span>
     <span class='ocr_line' id='line_1_27' title="bbox 183 2642 869 2723; baseline 0.007 -24"><span class='ocrx_word' id='word_1_162' title='bbox 183 2658 286 2699; x_wconf 84' lang='lat' dir='ltr'>contra</span> <span class='ocrx_word' id='word_1_163' title='bbox 302 2642 414 2700; x_wconf 86' lang='lat' dir='ltr'>alterius</span> <span class='ocrx_word' id='word_1_164' title='bbox 428 2646 599 2723; x_wconf 81' lang='lat' dir='ltr'>opinionem</span> <span class='ocrx_word' id='word_1_165' title='bbox 614 2642 783 2704; x_wconf 78' lang='lat' dir='ltr'>differendi:</span> <span class='ocrx_word' id='word_1_166' title='bbox 800 2659 869 2704; x_wconf 83' lang='lat' dir='ltr'>nam</span> 
     </span>
     <span class='ocr_line' id='line_1_28' title="bbox 184 2720 868 2801; baseline 0.007 -22"><span class='ocrx_word' id='word_1_167' title='bbox 184 2721 223 2780; x_wconf 80' lang='lat' dir='ltr'>ita</span> <span class='ocrx_word' id='word_1_168' title='bbox 241 2720 398 2791; x_wconf 66' lang='lat' dir='ltr'>facillime,</span> <span class='ocrx_word' id='word_1_169' title='bbox 427 2724 495 2801; x_wconf 87' lang='lat' dir='ltr'>quid</span> <span class='ocrx_word' id='word_1_170' title='bbox 511 2725 753 2784; x_wconf 85' lang='lat' dir='ltr'>verisimillimum</span> <span class='ocrx_word' id='word_1_171' title='bbox 773 2722 868 2797; x_wconf 74' lang='lat' dir='ltr'>ellel,</span> 
     </span>
     <span class='ocr_line' id='line_1_29' title="bbox 182 2801 869 2884; baseline 0 -21"><span class='ocrx_word' id='word_1_172' title='bbox 182 2803 306 2863; x_wconf 86' lang='lat' dir='ltr'>inveniri</span> <span class='ocrx_word' id='word_1_173' title='bbox 328 2801 407 2884; x_wconf 87' lang='lat' dir='ltr'>polle</span> <span class='ocrx_word' id='word_1_174' title='bbox 436 2803 570 2865; x_wconf 79' lang='lat' dir='ltr'>Socrates</span> <span class='ocrx_word' id='word_1_175' title='bbox 591 2807 791 2865; x_wconf 80' lang='lat' dir='ltr'>arbitrabatur.</span> <span class='ocrx_word' id='word_1_176' title='bbox 809 2802 869 2866; x_wconf 78' lang='lat' dir='ltr'>Sed</span> 
     </span>
     <span class='ocr_line' id='line_1_30' title="bbox 182 2882 865 2967; baseline 0.004 -25"><span class='ocrx_word' id='word_1_177' title='bbox 182 2882 242 2966; x_wconf 72' lang='lat' dir='ltr'>qui)</span> <span class='ocrx_word' id='word_1_178' title='bbox 262 2885 444 2945; x_wconf 75' lang='lat' dir='ltr'>commodius</span> <span class='ocrx_word' id='word_1_179' title='bbox 462 2885 666 2967; x_wconf 82' lang='lat' dir='ltr'>disputationes</span> <span class='ocrx_word' id='word_1_180' title='bbox 687 2884 791 2946; x_wconf 76' lang='lat' dir='ltr'>nostrie</span> <span class='ocrx_word' id='word_1_181' title='bbox 816 2902 865 2945; x_wconf 83' lang='lat' dir='ltr'>ex·</span> 
     </span>
     <span class='ocr_line' id='line_1_31' title="bbox 184 2962 864 3047; baseline 0.001 -24"><span class='ocrx_word' id='word_1_182' title='bbox 184 2962 347 3042; x_wconf 85' lang='lat' dir='ltr'>plicentut,</span> <span class='ocrx_word' id='word_1_183' title='bbox 368 2968 406 3025; x_wconf 89' lang='lat' dir='ltr'>sic</span> <span class='ocrx_word' id='word_1_184' title='bbox 425 2986 473 3027; x_wconf 89' lang='lat' dir='ltr'>eas</span> <span class='ocrx_word' id='word_1_185' title='bbox 487 2987 655 3047; x_wconf 84' lang='lat' dir='ltr'>exponam,</span> <span class='ocrx_word' id='word_1_186' title='bbox 673 2967 756 3047; x_wconf 87' lang='lat' dir='ltr'>quasi</span> <span class='ocrx_word' id='word_1_187' title='bbox 768 2982 864 3046; x_wconf 84' lang='lat' dir='ltr'>agatur</span> 
     </span>
     <span class='ocr_line' id='line_1_32' title="bbox 182 3044 868 3131; baseline 0.009 -29"><span class='ocrx_word' id='word_1_188' title='bbox 182 3058 253 3115; x_wconf 84' lang='lat' dir='ltr'>res,</span> <span class='ocrx_word' id='word_1_189' title='bbox 273 3068 333 3105; x_wconf 88' lang='lat' dir='ltr'>non</span> <span class='ocrx_word' id='word_1_190' title='bbox 352 3050 433 3126; x_wconf 86' lang='lat' dir='ltr'>quasi</span> <span class='ocrx_word' id='word_1_191' title='bbox 451 3065 592 3113; x_wconf 84' lang='lat' dir='ltr'>narretur.</span> <span class='ocrx_word' id='word_1_192' title='bbox 608 3044 688 3131; x_wconf 81' lang='lat' dir='ltr'>Ergo</span> <span class='ocrx_word' id='word_1_193' title='bbox 703 3048 748 3110; x_wconf 80' lang='lat' dir='ltr'>ita·</span> <span class='ocrx_word' id='word_1_194' title='bbox 765 3044 868 3119; x_wconf 55' lang='lat' dir='ltr'>nascaq</span> 
     </span>
     <span class='ocr_line' id='line_1_33' title="bbox 183 3125 410 3187; baseline 0.031 -7"><span class='ocrx_word' id='word_1_195' title='bbox 183 3135 231 3182; x_wconf 79' lang='lat' dir='ltr'>tut</span> <span class='ocrx_word' id='word_1_196' title='bbox 245 3125 410 3187; x_wconf 63' lang='lat' dir='ltr'>exordiuma</span> 
     </span>
    </p>
   </div>
   <div class='ocr_carea' id='block_1_3' title="bbox 0 0 1068 4067">
    <p class='ocr_par' dir='ltr' id='par_1_3' title="bbox 0 0 1068 4067">
     <span class='ocr_line' id='line_1_34' title="bbox 0 0 1068 4067; baseline 0 3"><span class='ocrx_word' id='word_1_197' title='bbox 0 0 1068 4067; x_wconf 95' lang='lat' dir='ltr'> </span> 
     </span>
    </p>
   </div>
  </div>
 </body>
</html>
