2125 4067
301 529 459 599 lrarr
492 528 741 611 errrrus.
794 526 870 615 527

184 641 256 702 titia
274 639 405 702 constare
424 636 549 721 poss'nnt.
576 636 754 718 Coniuniiio
770 654 871 699 autem

182 742 252 782 cum
280 720 432 781 honestate
453 721 504 780 vel
528 721 601 781 volu
651 723 716 794 tis,
739 720 790 780 vel
808 739 871 778 non

182 801 330 874 dolendi,
348 801 380 859 id
400 805 410 859 i
430 798 493 858 sum
512 800 552 859 ho
674 799 782 882 ‚quod
807 819 872 860 am·

188 879 279 960 pletii
295 879 377 953 vult,
392 822 480 941 eiudt
495 894 600 959 turpe:
614 879 650 938 ad
664 899 712 940 ees
728 882 806 940 enim
821 899 870 940 ree

191 958 303 1020 referre
328 979 391 1040 quae
415 979 483 1040 agar
502 1002 512 1030 ,
530 980 651 1038 quarum
669 980 747 1033 una,
770 962 871 1040 siquis

189 1040 272 1099 malo
290 1057 404 1113 careat,
426 1041 457 1099 in
476 1037 590 1098 summo
610 1058 677 1098 eum
695 1040 775 1100 bono
795 1039 871 1101 ditat

188 1105 279 1192 esseff
298 1119 388 1181 altera
412 1116 544 1180 versetur
565 1120 597 1178 in
626 1119 770 1178 levissima
793 1137 872 1198 parte

187 1217 323 1273 naturae3
344 1198 522 1261 obscurantis
536 1196 578 1261 est
595 1218 718 1259 omnem
739 1196 875 1278 splendo-

186 1300 252 1341 rem
283 1281 470 1353 honestatis,
497 1297 537 1338 ne
565 1278 662 1339 dicam
689 1278 876 1360 irrquirratttir.¹

187 1357 309 1421 Restant
331 1360 445 1434 Stoici,
467 1360 517 1439 qui
534 1379 624 1440 quum
641 1381 659 1419 a
678 1357 876 1440 Peripateticis

192 1441 228 1500 &
249 1439 429 1502 Academicis
451 1441 549 1501 omnia
567 1438 794 1514 transtulissent,
817 1460 875 1500 no·

190 1520 317 1582 minibus
334 1522 394 1581 aliis
412 1520 528 1582 easdem
542 1541 588 1581 res
603 1519 693 1582 securi
707 1519 781 1581 sunt.
805 1520 873 1582 Hor

191 1616 295 1661 contra
311 1601 438 1683 singulos
454 1601 510 1660 dici
524 1599 566 1660 esi
581 1602 701 1663 melius:
715 1600 765 1663 sed
775 1622 873 1678 nunc,

193 1680 308 1762 quoda
330 1685 419 1743 'mus:
440 1682 478 1742 de
492 1680 566 1754 illis,
580 1703 670 1822 purim
685 1683 831 1744 volemus.

234 1778 282 1840 23.
326 1765 456 1824 emocriti
470 1778 568 1822 autem
592 1764 729 1837 emitas,
743 1785 808 1845 quae
827 1759 870 1825 est

191 1845 281 1902 animi
299 1862 447 1925 tamquam
471 1844 690 1924 tranquillitas,
712 1865 801 1924 quam
820 1865 876 1924 ap·

192 1922 301 2003 pellant
317 1927 454 1999 intrusa,
467 1925 505 1984 eb
517 1922 679 2004 separandt
693 1921 747 1983 suit
765 1925 803 1983 ab
819 1925 876 1984 hac

192 2001 384 2141 disputatiope
403 2047 412 2074 ‚
434 2007 501 2084 quia
514 2002 567 2062 isia
584 2005 673 2064 animi
688 2000 877 2083 tranquillitas
976 2039 986 2047 -

194 2101 231 2142 ea
249 2081 341 2163 ipsae
380 2083 467 2143 beata
481 2085 568 2142 vita:
586 2083 737 2165 querimus
758 2100 878 2156 autem,

194 2160 778 2322 {uursututuusu-
805 2161 883 2315 322}

196 2320 321 2396 Herilli,
339 2319 419 2402 quud
434 2324 464 2380 in
481 2321 558 2381 hunc
577 2323 703 2395 orbem,
759 2343 807 2384 em
825 2327 881 2384 cir·

197 2401 445 2482 cumscripsimus,
461 2402 589 2463 incidere
605 2425 665 2464 non
678 2425 718 2486 po
779 2422 809 2481 t,
823 2405 880 2467 ιώ·

198 2482 333 2542 hibenda
349 2485 469 2542 omnini
481 2505 543 2544 non
555 2481 688 2546 fuerunt:
705 2506 773 2548 nam
786 2508 879 2570 quum

197 2565 293 2622 omnis
310 2563 371 2623 haec
394 2562 511 2646 quaestio
533 2563 572 2626 de
591 2564 694 2628 finibus
712 2613 723 2642 ‚
744 2570 777 2629 &
795 2568 881 2650 quasi

198 2643 237 2703 de
249 2647 382 2703 extremis
398 2647 545 2706 bonorum
556 2647 589 2706 &
604 2649 769 2720 maiorum,
784 2650 821 2707 ab
832 2669 881 2708 eo

197 2721 421 2804 proficiscatur,
444 2727 526 2805 quod
546 2727 668 2787 dicimus
693 2747 802 2788 natura
822 2725 883 2788 effe

200 2820 303 2880 aptum
325 2803 358 2861 δι
379 2804 657 2879 accommodatum,
676 2807 816 2887 quodque
837 2809 885 2888 ip·

201 2881 265 2942 sum
286 2879 377 2961 perse
394 2884 516 2960 primum
534 2901 685 2962 appetatur
696 2907 706 2957 ;
716 2887 774 2946 hoc
788 2902 885 2953 totum

203 2963 238 3023 &
256 2962 275 3020 ii
291 2960 420 3035 tollunt,
481 2965 487 2977 “
507 2964 538 3021 in
554 2965 641 3023 rebus
655 2966 714 3038 iis,
734 2967 764 3025 in
784 2968 887 3048 quibus

206 3042 279 3106 nihil
296 3059 345 3104 aut
362 3042 441 3108 hone
522 3087 534 3120 ,
552 3061 601 3106 aut
616 3047 767 3188 turpeKsit3
779 3069 887 3135 negant

735 3151 765 3210 Vl
