2125 4067
239 472 247 479 ’
279 510 743 586 zraensscvnnrs.
786 516 865 611 '353

182 627 319 689 eumdem
333 627 365 688 δι
376 627 453 688 bene
469 628 584 689 dicendi
595 626 684 688 finem
697 628 864 709 ponerent,¹

182 710 215 768 &
235 728 325 790 quum
343 707 533 768 obruerentur
556 709 641 788 copia
661 708 865 768 sententiarum

180 804 269 868 atque
290 787 447 849 verborum
457 833 468 858 ,
477 786 660 867 jejunitatem
674 788 705 848 δι
717 785 824 849 famem
835 788 865 848 se

179 868 292 936 malle,
311 866 398 946 qudm
417 867 582 926 ubertatem
603 869 761 946 &copiam
784 868 868 928 dice-

179 962 250 1006 rent
264 944 366 1025 (unde
377 963 438 1004 erat
447 963 579 1005 exortum
611 967 680 1006 enus
691 945 866 1020 Atticorum,

180 1027 216 1085 iis
239 1027 338 1104 ipsis,
361 1027 409 1106 qui
430 1026 460 1085 id
479 1024 559 1107 sequi
591 1045 608 1085 e
631 1024 866 1106 profitebantur,

180 1107 317 1186 ignotum
338 1125 347 1177 ;
372 1105 421 1185 qui
444 1103 502 1165 'am
519 1108 712 1178 conticuere,
731 1122 808 1186 pene
832 1104 870 1164 ab

182 1185 246 1266 ipso
263 1184 331 1245 foro
348 1185 419 1242 irrisi
439 1127 454 1266 h
475 1186 547 1266 quid
568 1182 693 1243 futurum
714 1202 870 1265 putamus,

182 1285 292 1346 quum,
317 1261 451 1341 adjutore
469 1265 583 1345 populo
603 1309 613 1338 ,
632 1285 691 1345 quo
718 1263 872 1324 utebamur

184 1362 290 1466 amq,
306 1364 382 1405 nunc
401 1345 520 1405 minime
537 1365 592 1405 nos
609 1345 651 1404 uti
669 1341 752 1425 posse
768 1342 873 1406 videa·

182 1444 267 1484 mus.

227 1525 256 1577 4.
281 1502 329 1562 Est
345 1504 421 1563 enirn
435 1503 549 1583 philoso
570 1503 618 1564 hia
632 1499 730 1585 paucis
748 1519 872 1563 conten·

183 1599 216 1643 ta
235 1582 405 1661 judicibus,
428 1527 641 1644 multitudinem
659 1582 793 1643 consultb
811 1585 819 1642 i
842 1581 870 1643 sa

183 1663 301 1745 fugiens
317 1706 326 1736 ,
344 1666 437 1742 eique
446 1665 499 1743 ipsi
518 1664 550 1722 δι
566 1662 689 1745 suspeda
705 1663 737 1724 ἃ
752 1604 842 1723 incid
860 1682 870 1721 a

183 1758 218 1803 ut
233 1742 304 1813 vel,
322 1743 344 1801 si
357 1745 420 1822 quis
436 1740 596 1802 universam
608 1744 679 1803 velit
691 1745 869 1824 vituperare,

183 1821 313 1884 secundo
334 1821 364 1880 id
382 1822 493 1901 populo
513 1820 610 1884 facere
630 1824 741 1904 possit;
760 1823 829 1895 vel,
847 1821 871 1881 si

185 1905 216 1962 in
229 1922 312 1974 eam,
329 1920 414 1981 quam
426 1922 480 1962 nos
495 1903 621 1962 maxime
638 1902 800 1982 sequimur,
815 1921 869 1958 co-

185 1985 271 2043 netur
287 1981 444 2054 invadere,
457 2002 505 2041 ma
525 2004 563 2040 na
581 1981 691 2041 habere
709 1982 801 2060 possit
814 1998 870 2036 au·

186 2061 255 2137 uilia
271 2081 287 2119 a
303 2061 478 2142 reliquorum
491 2003 730 2141 philosophorum
746 2056 873 2138 discipli-

185 2141 242 2202 nis.
262 2138 325 2199 Nos
345 2157 440 2200 autem
461 2138 602 2198 universae
619 2137 809 2218 philosophiae
825 2137 875 2195 vi·

187 2234 219 2280 tu
241 2222 401 2280 eratoribus
420 2217 619 2300 respondimus
637 2221 666 2276 in
677 2216 850 2276 Hortensio.

219 2242 274 2371 hl.
294 2299 351 2359 Pro
371 2297 533 2358 Academia
551 2297 647 2356 a'utem
666 2316 730 2375 quae
748 2292 872 2354 dicenda

189 2377 297 2451 essent,
316 2379 381 2439 satis
400 2378 531 2438 accurate
548 2378 577 2436 in
596 2375 779 2436 Academicis
800 2395 875 2456 qua·

189 2476 255 2521 tuor
277 2458 354 2518 libris
378 2459 519 2539 explicata
540 2457 734 2529 arbitramur3
754 2455 806 2515 sed
826 2472 874 2515 ta-

188 2558 257 2600 men
276 2556 388 2598 tantum
414 2537 516 2608 abest,
538 2554 570 2598 ut
592 2537 674 2597 scribi
696 2553 796 2598 contra
817 2556 872 2596 nos

191 2621 317 2682 nolimus
332 2663 342 2691 ‚
360 2635 392 2676 ut
407 2618 438 2676 id
458 2620 545 2678 etiam
568 2618 694 2678 maxime
715 2634 871 2698 optemus:

190 2701 219 2759 in
237 2697 296 2779 ipsa
315 2700 393 2756 enim
413 2695 529 2756 Graecia·
582 2698 724 2778 ilosophia
742 2711 822 2754 tanto
842 2697 874 2755 in

190 2779 306 2839 honore
321 2793 478 2852 numquam
495 2777 532 2832 sn'
558 2794 587 2834 et
599 2821 609 2847 ,
621 2778 675 2834 nisi
693 2774 876 2833 dodissirho·

189 2852 255 2918 ¹rum
278 2853 513 2912 contentionibus
538 2851 808 2931 dissensionibusque
828 2849 876 2910 vi'·

192 2933 304 3020 guisset.
843 2986 845 2992 ,

236 3034 263 3098 5,
276 3011 496 3095 ,Quamobrem
513 3009 617 3074 hortor
633 3029 755 3086 omnes,
768 3010 816 3093 qui
827 3005 873 3082 fas·
