2125 4067
283 491 452 569 lunen
486 494 712 564 enimus:
802 490 838 586 θ]

149 609 265 673 tionem
289 607 391 669 divina
413 608 462 671 illa
486 606 604 690 ingenia
628 601 840 668 nemimem?

149 689 201 758 sed
214 690 247 751 id
261 693 358 770 neque
371 687 429 753 feci
445 687 538 750 adhuc
548 731 559 762 ,
569 706 626 749 nec
643 687 712 748 m'ihi
725 703 839 761 tamen,

151 790 191 830 ne
210 768 339 843 faciam,
357 768 539 834 interdianum
553 784 649 863 puto:
667 768 752 828 locos
772 767 839 848 qui·

155 848 226 908 dem
243 847 403 926 quosdam,
421 851 446 911 si
461 848 610 913 videbitur
618 891 630 920 ,
648 845 839 922 transferam,

157 927 193 988 δι
213 927 340 989 maxime
353 927 388 989 ab
404 930 459 1001 iis,
471 950 545 1010 quos
561 927 655 990 modo
667 927 839 1002 nominavi,

155 1027 247 1086 quum
264 1005 417 1080 inciderit,
434 1022 466 1067 ut
478 1008 510 1071 id
524 1010 592 1087 apte
605 1005 668 1073 fieti
681 1009 773 1090 possit
783 1027 794 1081 3
803 1024 841 1084 ,ut

154 1087 192 1147 ab
213 1087 352 1148 Homero
372 1085 507 1161 Ennius,
524 1085 660 1147 Afranius
677 1111 694 1148 a
712 1087 844 1149 Menan·

155 1167 211 1228 dno
231 1165 316 1229 solet.
336 1165 402 1228 Nec
418 1167 513 1242 verb,
530 1183 565 1226 ut
584 1163 679 1226 noster
697 1167 842 1243 Lucilius,

155 1245 295 1308 recusabo
315 1290 324 1321 ,
341 1248 399 1329 qud
419 1247 513 1308 minin
531 1266 638 1308 omnes
655 1265 723 1308 mea
738 1247 845 1327 legant.

155 1327 279 1389 Utinam
300 1325 369 1388 cffet
389 1326 438 1388 ille
454 1325 587 1388 Persius!
606 1324 708 1406 Scipio
724 1327 799 1388 verb
813 1324 846 1387 ἀ

155 1407 282 1469 Rutilius
297 1408 390 1468 multo
407 1409 496 1469 etiam
514 1429 561 1468 ma
582 1409 589 1422 '
622 1407 631 1467 Ι
651 1428 777 1486 quonum
794 1407 845 1469 ille

156 1487 297 1569 judicium
324 1487 538 1563 reformidans,
583 1490 718 1553 mentitis
733 1490 772 1548 uit
792 1485 844 1564 se,

92 1634 98 1643 ,
159 1571 194 1631 &
215 1566 422 1642 Consentinis,
440 1569 473 1630 &
490 1567 592 1631 Siculis
607 1566 742 1631 scrihere.
759 1567 847 1631 Face·

155 1650 188 1709 te
209 1651 234 1709 is
255 1650 395 1732 quidem,
416 1650 489 1710 sicut
511 1648 607 1711 aliis:
630 1647 681 1710 sed
706 1670 761 1710 nec
785 1666 846 1711 tam

156 1729 236 1791 dodi
260 1747 329 1791 tunc
357 1747 469 1806 erant,
493 1730 531 1790 nd
556 1751 681 1812 quorum
705 1729 846 1810 judicium
964 1736 968 1741 “

157 1810 340 1885 elaboraret,
360 1809 473 1877 &sunt
494 1810 569 1875 illius
586 1809 692 1891 scripta
708 1811 847 1882 leviora;

156 1891 363 2035 affixit&
384 1890 496 1957 summa
519 1911 691 1973 appareat,
713 1889 847 1952 dedititia

201 2050 231 2112 8.
253 2051 319 2134 Ego
338 2066 436 2112 autem
453 2069 542 2132 quem
557 2049 849 2126 timeamleaorem,

159 2151 250 2210 quum
261 2133 303 2192 nd
318 2149 349 2194 te
359 2177 370 2204 ,
382 2152 422 2194 ne
433 2129 546 2195 Graecis
556 2131 676 2274 puidem
689 2132 847 2194 cedentem

161 2211 192 2270 in
206 2211 403 2292 philosophia,
416 2212 540 2271 audeam
569 2214 680 2272 crihere
694 2212 705 2272 i
727 2211 848 2290 Quam·-

162 2310 252 2370 quam
267 2306 326 2350 ate
345 2290 406 2370 ipso
417 2333 426 2363 ,
438 2290 469 2351 id
487 2291 607 2369 quidem
618 2291 717 2363 facio,
736 2311 851 2372 provo·

161 2387 244 2430 catus
262 2369 425 2452 gratissimo
444 2369 513 2428 mihi
525 2369 620 2445 libro,
641 2373 779 2452 quemad
798 2394 848 2438 me

153 2454 209 2520 ,De
230 2451 329 2512 virtute
349 2447 457 2510 misisti.
477 2447 537 2511 Sed
557 2472 593 2511 ex
614 2471 653 2513 eo
672 2453 761 2515 credo
802 2457 849 2515 ui-

150 2529 280 2592 :busdam
299 2532 489 2606 usuvenire,
508 2548 541 2593 ut
556 2532 732 2595 abhorreant
750 2557 767 2595 a
812 2557 848 2596 a·

160 2612 250 2685 cinis,
271 2610 351 2692 quod
367 2613 520 2674 inciderint
534 2615 565 2674 in
586 2615 692 2676 inculta
713 2617 848 2697 quaedam

162 2691 197 2750 ὃ(
214 2692 351 2765 horrida,
371 2692 408 2752 de
428 2693 510 2754 malis
527 2692 638 2756 Graecis
657 2695 760 2756 Latine
778 2697 849 2756 scri-
926 2719 928 2722 ·

154 2788 213 2851 ¹pta
233 2772 377 2834 deterius:
398 2773 500 2855 quibus
515 2794 572 2857 ego
592 2774 745 2849 assentior,
758 2775 848 2834 dum·
888 2776 890 2780 ’

164 2850 255 2910 modo
276 2852 313 2911 de
324 2851 423 2913 iisdem
436 2855 522 2915 rebus
541 2877 577 2916 ne
589 2855 713 2917 ,Graecos
729 2856 847 2934 quidem

163 2930 308 3011 legendos
322 2946 433 3011 putent.

204 3027 235 3092 9.
252 3009 311 3097 Res
327 3011 400 3077 verb
416 3010 528 3088 bonas,
545 3012 773 3156 verbisgledis,
783 3039 848 3102 gres

696 3118 726 3162 ιν
