2125 4067
266 524 346 611 204
415 514 494 585 ΒΕ
537 530 792 584 micinno

263 634 342 696 laudi
361 630 393 694 &
409 630 560 714 dignitati,
574 630 697 692 multiim
713 632 747 693 in
761 632 868 694 virtute
880 652 953 714 pto·

262 713 536 855 cei{eiiiionieram
549 809 648 853 autem
659 744 860 867 omninum,
873 792 952 855 Dm·

261 872 349 949 ¹sum,
371 895 436 934 cum
454 871 492 934 C.
510 871 648 934 Graccho
670 870 732 951 ejus
752 871 815 934 fere
830 875 951 954 aequalii

264 976 330 1095 ‘¹⁰3²
351 952 952 1095 ¹¹³²·1ie³i¹¹¹'¹³iiiiiiiimeim‘bii

265 1054 619 1188 iimeffiilsereosaiaiciai,
643 1112 730 1193 quim
757 1057 910 1196 impiitaiu
919 1117 950 1176 &

264 1195 380 1270 scelus3
397 1213 430 1255 ut
444 1193 502 1273 jani
521 1215 624 1255 omnes
641 1195 808 1275 insipientes
825 1199 883 1255 sint
894 1199 951 1256 mi·

265 1276 348 1351 seri,
368 1276 448 1359 quod
464 1275 596 1357 profecib
613 1273 695 1347 funt3
713 1296 774 1334 non
792 1273 950 1337 esttamen
986 1314 989 1321 ι

266 1358 349 1438 seque
373 1354 455 1415 miser
472 1401 485 1430 ‚
500 1358 548 1436 qni
569 1357 666 1437 patriae
686 1353 830 1428 consulit,
852 1357 885 1415 &
904 1357 952 1428 is,

267 1439 318 1517 qui
334 1436 412 1495 iliam
432 1435 595 1496 exstinciatn
621 1437 719 1516 cupit:
736 1434 847 1496 levatio
866 1436 950 1518 igitur

264 1517 403 1576 vitiorum
419 1537 523 1597 magna
537 1515 570 1576 fit
580 1517 612 1575 iis
624 1561 634 1589 ‚
648 1517 699 1596 qui
713 1515 825 1576 habent
841 1516 881 1577 ad
891 1517 951 1583 vir-

266 1610 360 1656 tutem
398 1618 431 1655 ro
454 1597 587 1657 ressionis
602 1596 821 1677 aiiquantulum.

308 1675 357 1753 67.
414 1617 475 1736 ciri
488 1693 585 1737 autem
595 1675 831 1760 progressionem
842 1677 880 1737 ad
892 1679 952 1740 vir·

266 1768 359 1816 tutem
383 1755 447 1817 fieri
472 1758 578 1830 aiunt,
609 1757 787 1818 ievationem
813 1759 952 1820 vitiorum

267 1833 331 1896 fieri
353 1853 468 1918 negant.
489 1835 561 1907 At,
588 1858 646 1918 quo
674 1855 790 1898 utantur
816 1839 951 1901 homines

266 1917 345 1976 acuti
369 1932 541 1999 argumento
561 1917 596 1975 ad
617 1918 830 1997 probandum,
852 1941 953 2003 operae

266 1999 392 2082 pretium
419 1996 462 2059 est
485 1997 677 2058 considerare.
711 1996 875 2077 Quarum,
901 2003 949 2059 in-

265 2079 386 2158 quiunt,
399 2081 502 2138 artium
513 2076 621 2137 summa
633 2076 762 2138 crescere
771 2076 884 2160 ponii,
898 2099 949 2140 ea·

266 2177 332 2219 rum
361 2160 448 2218 etiam
473 2160 684 2218 contrariorum
706 2156 816 2219 summa
842 2162 953 2242 poterit

264 2240 386 2320 augeri:
408 2238 444 2298 ad
461 2239 573 2298 virtutis
592 2256 689 2297 autern
707 2238 847 2300 summam
866 2261 952 2301 acce·

265 2317 340 2378 dere
359 2319 429 2379 nihil
446 2319 541 2400 potest
555 2340 566 2392 ;¹
583 2339 620 2379 ne
636 2320 705 2378 vitia
743 2320 842 2380 uidem
863 2322 954 2401 igitur

184 2431 189 2437 -
266 2396 398 2458 crescere
425 2416 563 2479 poterunt
591 2443 600 2469 ,
630 2420 694 2479 quae
722 2341 787 2460 iunt
810 2402 952 2462 virtutum

265 2479 420 2536 contraria.
445 2478 552 2538 Utriim
570 2481 655 2559 igitur
675 2479 817 2554 tandem,
835 2479 954 2561 perspi-

268 2553 365 2616 tuisne
383 2555 467 2617 dubia
478 2560 663 2637 aperiuntur,
682 2581 719 2618 an
730 2560 823 2620 dubiis
835 2558 951 2641 perspi·

266 2655 323 2695 cua
339 2636 501 2697 tolluntur?
520 2637 611 2725 Atqui
622 2639 680 2699 hoc
692 2640 874 2722 perspicuum
887 2638 951 2714 cst,

266 2715 412 2782 vinealia
432 2720 461 2777 in
482 2718 544 2778 aliis
563 2719 618 2780 effe
635 2716 746 2798 majora
763 2740 773 2794 ;
796 2719 870 2781 illud
892 2720 950 2780 du-

238 2819 241 2823 ·
266 2796 369 2872 bium,
382 2798 419 2859 ad
433 2799 485 2874 id,
502 2801 582 2882 quod
594 2801 735 2860 summurn
745 2800 859 2862 bonum
876 2799 953 2860 dici-

267 2879 327 2951 tis,
350 2898 515 2963 ecquaenam
530 2880 593 2942 fieri
610 2883 702 2960 possit
724 2883 872 2942 accessio:
893 2901 955 2942 vos

267 2974 368 3044 putem
386 2982 477 3048 quum
482 2961 639 3048 perspicuis
656 2961 746 3026 dubia
765 2960 899 3027 debeatis
912 2961 956 3032 ’ὼ
