2125 4067
150 557 229 641 450
278 536 716 613 Toscvrrrunvu'

149 681 183 721 re
197 657 321 719 maxime
337 654 489 736 probabile
508 652 624 737 semper
639 656 839 737 requiremusr'

171 739 230 799 uod
258 757 347 818 quum
374 736 449 816 saepe
473 734 569 805 aliis,
594 751 656 795 tum
685 758 781 818 nuper
805 743 837 799 in·

149 762 314 881 insulano
334 817 456 878 studiose
475 818 597 896 egimus.
614 814 720 897 ltaque
740 839 835 900 expo-

150 902 208 960 sitis
234 899 320 958 tridui
350 897 615 977 disputationibus,
634 916 755 977 quartus
775 902 837 961 dies

149 975 207 1041 lroc
231 980 304 1039 libro
328 978 528 1039 concluditur:
550 994 582 1036 ut
607 981 687 1038 enim
709 982 740 1039 in
759 980 838 1041 intes

100 1121 102 1127 A
150 1063 260 1121 riorem
272 1058 503 1121 ambulationem
518 1056 720 1119 descendimus
732 1096 745 1134 ,ι
756 1061 838 1142 quod

149 1140 310 1213 feceramus
330 1141 412 1200 idem
428 1138 621 1220 superioribus
640 1140 769 1213 diebus,
795 1143 834 1202 sic

153 1221 215 1283 adia
228 1242 273 1280 res
290 1218 342 1281 eil.

194 1301 223 1378 8?
243 1300 289 1361 Μ.
308 1299 395 1359 Dicat
405 1340 419 1373 ,»
443 1300 466 1359 si
482 1300 545 1380 quis
556 1299 652 1374 vult,
668 1321 727 1381 qua
750 1300 789 1362 de
805 1320 840 1362 re

151 1379 287 1462 disputari
297 1380 383 1441 veliti
395 1380 434 1439 A.
451 1378 481 1439 N
483 1401 522 1439 on
539 1381 608 1439 mihi
622 1381 742 1441 videtur
757 1384 839 1441 omni

150 1459 839 1624 smlgsslllilllillff‘still'3535‘

187 1585 198 1602 a
550 1586 560 1614 5
819 1573 836 1591 ¹

151 1625 286 1696 tatione,
309 1623 486 1691 videbatur3
511 1624 564 1680 nisi
592 1620 669 1681 forte
694 1639 757 1682 tem
781 1625 835 1684 oris

152 1703 238 1763 causi
250 1700 449 1762 assentiebare.
460 1699 499 1760 Α.
512 1700 635 1761 Minime
654 1703 742 1762 verb.
759 1646 838 1763 iiam

152 1783 223 1841 mihi
242 1782 359 1875 egregie
382 1780 503 1861 probata
530 1784 571 1841 eti
589 1785 685 1841 oratio
707 1798 769 1843 tua.
793 1783 841 1844 M.

152 1857 223 1921 Non
239 1863 325 1943 igitur
347 1863 488 1921 existimas
511 1860 615 1921 cadere
631 1864 661 1920 in
678 1862 838 1943 sapientem

108 2013 112 2020 .
151 1941 383 2083 Egritudinem?
413 1940 453 1999 A.
475 1937 589 2001 Prorsus
614 1963 676 2001 non
703 1944 837 2006 arbitror.

189 2064 199 2081 .
227 2022 347 2103 Atqui,
375 2023 399 2081 si
428 2019 478 2080 ista
511 2022 680 2100 perturbate
709 2025 838 2083 animum

150 2100 284 2182 sapientis
305 2123 366 2161 non·
377 2098 496 2239 potest,
515 2100 593 2159 nulla
613 2104 734 2182 poterit.
754 2102 840 2182 Quid

152 2182 266 2243 enim?
295 2201 423 2241 metune
458 2182 612 2240 conturbet
635 2181 647 2241 i
674 2199 705 2242 at
737 2204 839 2245 earum

151 2282 251 2323 retum-
262 2261 302 2323 est
317 2261 474 2322 absentium
491 2279 607 2333 metus,
622 2283 745 2342 quarum
763 2286 837 2345 prae·

151 2343 273 2414 sentium
290 2340 330 2403 est
348 2342 511 2424 aegritudo:
525 2341 635 2401 sublati
649 2344 739 2423 igitur
757 2368 781 2405 ae
802 2347 838 2403 ri·

152 2423 277 2494 tudine,
295 2422 419 2482 sublatus
440 2420 480 2481 est
498 2440 606 2482 metus.
626 2421 749 2483 Restant
792 2446 839 2485 uae·

151 2503 383 2583 perturbationes
394 2548 407 2576 ,.
423 2502 520 2561 laetitia
537 2502 659 2583 gestiens
676 2504 709 2563 dt
723 2505 833 2564 libido:

152 2602 217 2663 quae
234 2585 333 2641 sinon
350 2583 453 2642 cadent
469 2584 498 2639 in
514 2582 676 2661 sapientem
693 2627 702 2656 ‚
720 2582 839 2663 semper

152 2681 236 2723 mens
251 2664 303 2734 erit
320 2681 382 2721 tran
405 2662 470 2721 uilla
480 2660 624 2742 sapientis.
638 2665 679 2723 A.
694 2662 739 2724 Sit
752 2685 839 2787 pror·

152 2741 197 2803 sus
211 2742 357 2824 intelligo.
369 2684 414 2804 ll.
431 2741 537 2803 Utrum
552 2745 637 2825 igitur
654 2746 747 2804 mavis
758 2739 837 2804 .‘sta·

152 2822 243 2885 timue
263 2845 318 2883 nos
335 2822 401 2885 vela
420 2822 515 2885 facere
530 2868 540 2898 ‚
556 2846 592 2883 an
609 2826 690 2904 quasi
714 2842 837 2905 eportu

153 2907 334 2987 egredientes
350 2905 496 2986 paululum
509 2907 673 2986 remigare?
686 2903 727 2965 A.
741 2906 838 2987 Quid·

154 3006 223 3047 tram
241 2985 281 3047 est
296 2985 386 3047 istuc?
407 3007 466 3047 non
481 2989 558 3047 enim
572 2987 718 3065 intelligo.

192 3066 238 3138 Y.
255 3067 334 3149 Quia
353 3066 536 3149 Chrysippus
558 3067 591 3130 ὃ(
610 3064 703 3128 Stoici
712 3110 729 3142 ,,.
746 3086 843 3149 quum
