2125 4067
260 506 281 563 ¹1·
317 499 490 572 nram
526 512 734 573 ruamus.
793 494 870 600 '34‘9

183 612 301 677 modius
318 617 348 675 in
366 636 439 690 ore,
458 617 490 677 &
505 615 704 698 Aristogiton
728 614 872 678 Lacedae-

184 698 301 756 monius
320 694 488 769 Leonidas,
503 693 661 755 Thebanus
678 692 871 778 ,Epaminon-

183 775 237 836 das
249 776 361 857 vigent.
374 774 496 836 Nostros
506 796 567 834 non
576 793 778 870 noruntrquos
792 798 870 838 enu-

183 874 301 917 merare
318 856 440 936 longum
456 853 516 927 est3
527 856 567 913 ita
577 853 638 913 sunt
648 856 752 930 muln‘,
764 858 869 937 quibus

183 936 322 996 videmus
335 934 479 1013 optabiles
496 931 605 993 mortes
620 932 699 995 fuiffe
716 955 781 994 cum
799 937 869 1017 glo·

184 1017 239 1074 ria.
254 1014 331 1094 Qua
344 1033 433 1094 quum
445 1017 484 1072 ita
496 1016 571 1089 sint,
583 1013 686 1095 magni
698 1031 796 1095 tamen
809 1016 872 1076 elo·

184 1096 304 1190 quentia
319 1092 361 1154 est
377 1093 518 1154 utendum
528 1137 538 1168 ,
549 1110 581 1152 at
619 1094 685 1152 eita
697 1093 872 1174 reiutsupe·

184 1195 263 1235 trote
284 1175 389 1234 eloco
407 1176 570 1233 concionari
656 1217 666 1247 ‚
687 1188 719 1231 nt
739 1172 876 1234 homines

186 1273 315 1316 mortem
327 1253 379 1314 vei
387 1272 490 1334 optare
502 1254 640 1333 incipiant
648 1297 664 1324 ‚.
674 1252 725 1312 vei
742 1250 874 1312 cerreti*-

186 1355 267 1396 mere
285 1332 431 1394 desistant.
454 1332 532 1393 Nam
548 1336 572 1391 si
586 1333 736 1413 supremus
746 1333 796 1392 iila
811 1332 876 1392 dies

187 1436 248 1475 non
273 1410 488 1476 exstinffionem
506 1432 520 1488 ‚·
537 1411 587 1472 sed
609 1414 875 1473 commutationem

187 1493 271 1555 affert
284 1495 363 1568 ioci,
380 1494 449 1574 quid
460 1487 636 1574 optabilius?
648 1495 691 1551 sin
702 1510 799 1553 autem
814 1512 873 1573 pe·-

187 1575 266 1634 rimit
275 1595 307 1634 ac
320 1573 544 1646 delerentur,
555 1570 625 1653 quid
635 1572 735 1632 melius
743 1573 829 1653 quim
840 1573 871 1633 in

187 1652 292 1714 mediis
317 1655 384 1713 vitae
406 1651 551 1713 laboribus
573 1650 813 1724 obdormiscere,
837 1652 870 1713 ἃ

178 1736 225 1795 'ira
246 1736 454 1795 conniventem
473 1730 577 1793 somno
597 1730 685 1793 conso
707 1734 741 1792 iri
758 1732 817 1793 sem
841 1734 870 1791 i-

180 1813 296 1875 ·terno?
317 1814 397 1895 quod
419 1815 442 1873 si
461 1809 529 1886 fiat,
551 1812 656 1872 melior
701 1813 761 1874 nnii
780 1754 872 1894 quina

188 1894 305 1956 Solonis
325 1896 429 1955 oratio.
448 1892 509 1961 Hie
523 1895 603 1953 enim
618 1890 738 1966 noster,
851 1910 853 1916 ’

188 2019 266 2071 Nema
273 2035 308 2069 mr
316 2019 425 2086 [acquir
436 2016 637 2083 decoreminquit,
645 2032 688 2065 nec
696 1989 875 2081 Funerrlrffuu

185 2111 270 2162 faxit.

185 2221 229 2283 At
242 2221 316 2284 verb
332 2219 444 2303 sapiens
456 2218 526 2292 iile,

184 2343 258 2395 Mors
266 2360 317 2393 mea
326 2358 354 2392 ne
365 2354 447 2390 careat
456 2336 584 2405 lacrymis-t
601 2339 732 2408 linquam
740 2335 825 2389 micis

170 2435 330 2492 *Mar-orem,
343 2451 369 2484 ut
380 2434 499 2485 celebrent
508 2431 597 2500 funera
611 2451 661 2483 curn
669 2433 765 2502 gemitu.

170 2536 177 2625 Ἰ
231 2543 298 2604 118.
320 2542 384 2604 Nos
402 2544 497 2618 verb,
514 2546 537 2604 si
554 2543 625 2626 quid
639 2542 698 2604 ease
714 2542 874 2618 acciderit}

184 2639 219 2686 ut
236 2645 253 2683 a
274 2624 331 2683 deo
349 2625 548 2685 denuntiatum
565 2625 718 2696 videatur,
734 2638 768 2682 ut·
781 2641 871 2685 exea·

185 2726 252 2765 mus
269 2724 286 2762 e
306 2704 454 2776 vita,lae'ti
471 2705 503 2763 &
518 2721 637 2784 agentes
652 2706 756 2785 gratias
771 2720 876 2782 parea·

185 2805 281 2852 mus,
304 2785 453 2860 emittique
475 2803 529 2839 nos
548 2803 564 2840 e
582 2781 708 2842 custodia
728 2782 759 2840 &
783 2780 878 2840 levari

188 2863 310 2922 vinculis
326 2859 495 2918 arbitremur
509 2902 524 2932 ,.
533 2877 565 2920 ut
579 2878 627 2918 aut
638 2864 671 2918 in·
686 2877 823 2919 aeternam
840 2859 874 2919 δι

187 2941 276 3024 plane
288 2942 318 2998 in
333 2938 456 2998 nostram
470 2939 590 2997 domum
605 2941 812 3020 remigremus,
825 2955 876 2999 aut

192 3023 274 3084 omni
291 3018 372 3082 sensu
385 3018 574 3102 molestiaque
585 3039 732 3082 careamus
743 3021 807 3080 asin
823 3039 874 3088 aue
