2125 4067
184 519 260 616 '158
345 519 424 587 Du
459 528 732 586 aturrus·

179 638 275 709 ritas3
300 631 333 693 δι
352 631 551 693 emolumenta
571 675 581 704 ‚
611 631 645 693 &
664 626 868 708 detrimenta,

180 737 245 798 quae
272 711 431 793 ὦφιλιῖμωῗι
455 711 489 772 &
512 713 665 791 βλάμμιΊι
688 708 869 791 appellant,

181 795 348 858 communia
364 790 421 853 esse
441 791 597 853 voluerunt
607 811 617 865 ;
635 810 761 872 quotum
779 792 868 853 alteia

179 876 331 960 prosunt,
358 889 466 934 nocent
489 871 603 932 altera:
629 891 685 932 nec
711 868 808 933 solum
835 874 869 935 εἰ

182 957 372 1029 communia,
391 957 494 1015 venitm
509 955 598 1013 etiam
613 953 692 1033 paria
708 950 767 1013 esse
787 952 870 1014 dixe'-

180 1055 257 1100 runt.
272 1034 443 1097 Commoda
453 1053 551 1095 autem
563 1033 594 1094 &
605 1032 798 1093 incommoda
808 1031 868 1174 iim

180 1122 260 1181 enim
271 1118 453 1195 inmansuetius
468 1114 502 1175 ὃ(
514 1112 715 1191 'remissionis
726 1114 816 1195 appel
828 1117 868 1188 0)

183 1199 350 1260 communia
375 1193 431 1255 esse
449 1195 634 1265 voluerunt,
657 1195 737 1273 paria
762 1195 868 1257 nolue-

182 1298 250 1342 runt
263 1301 270 1339 ι
285 1277 334 1337 illa
351 1277 446 1346 enim,
486 1296 529 1334 uae
544 1270 662 1353 prosunt
677 1292 726 1335 aut
738 1295 803 1357 quae
816 1297 869 1336 no·

183 1377 274 1431 cent,
293 1371 340 1416 aut
363 1356 443 1414 bona
463 1297 525 1415 sitm
544 1371 593 1414 aut
612 1353 708 1427 mala3
728 1376 794 1436 quae
815 1360 868 1417 sint

180 1442 261 1521 paria
275 1433 385 1496 necesse
403 1432 460 1495 est:
479 1433 639 1495 commoda
654 1453 754 1495 autem
775 1437 809 1497 &
828 1439 869 1497 in·

180 1516 342 1580 commoda
360 1518 390 1575 in
401 1535 439 1575 eo
471 1535 560 1576 enete
577 1514 661 1589 sunt,
678 1537 743 1596 quae
755 1538 868 1599 praepo·

182 1601 236 1660 sita
259 1598 292 1659 ὃ(
314 1593 421 1676 tejesia
459 1599 581 1658 icimus:
600 1617 635 1656 ea
654 1594 773 1678 possunt
793 1601 868 1679 paria

180 1700 242 1740 non
258 1675 336 1738 esse:
355 1675 403 1737 sed
421 1678 621 1738 emolumenta
634 1680 802 1740 communia
814 1677 867 1741 etse

146 1820 159 1843 ‚
180 1758 324 1821 dicuntur.
349 1756 439 1818 Rede
464 1775 562 1819 autem
590 1756 665 1819 faeta
688 1758 722 1819 ἃ
748 1777 868 1841 peccata

180 1861 241 1902 non
261 1840 403 1899 habentur
417 1841 593 1900 communia.

222 1919 316 1983 ΧΧΙ.
352 1918 520 1980 Amicitiam
548 1936 645 1980 autem
671 1919 868 1983 adhibendam

186 1999 244 2063 esse
265 1999 402 2076 censent,
419 2004 486 2082 quia
501 2003 537 2062 sit
553 2020 589 2060 ex
605 2020 643 2061 eo
660 2021 789 2083 genere,
807 2024 868 2085 quae

184 2082 313 2167 prosunt.
327 2081 515 2163 Quamquam
532 2099 630 2141 autem
645 2083 676 2140 in
691 2084 868 2144 amicitiaalii

186 2163 303 2237 ditant,
317 2163 397 2242 aeque
409 2183 504 2221 catam
522 2160 580 2220 esse
594 2160 714 2243 sapienti
725 2166 869 2226 rationem

181 2245 267 2304 amici
284 2264 318 2303 ac
335 2241 435 2316 suam;
453 2243 498 2303 alii
514 2258 611 2302 autem
629 2243 682 2303 sibi
698 2246 805 2325 cuique
821 2267 869 2306 ca·

179 2325 289 2384 riotem
306 2322 384 2384 suam
399 2347 408 2398 ;
426 2342 526 2385 tamen
542 2324 571 2383 hi
586 2344 704 2464 auoque
745 2324 868 2387 osietio·

180 2416 227 2461 res
248 2403 398 2474 fatentur,
424 2404 584 2465 alienume
608 2425 625 2466 e
646 2427 662 2465 a
680 2403 711 2484 ju
737 2407 809 2480 itia,
833 2405 868 2467 ad

203 2502 268 2539 uam
289 2485 347 2540 nati
360 2482 416 2542 esse
437 2484 608 2559 videamur,
629 2486 781 2549 detrahere
800 2486 868 2582 quid

180 2500 219 2619 de
244 2560 343 2640 aliquo
365 2606 375 2632 ,
401 2562 482 2641 quod
504 2565 558 2623 sibi
579 2564 718 2627 assumat:
748 2567 867 2629 mimmd

178 2641 252 2703 veri>
271 2641 409 2722 probatur
425 2642 490 2703 huic
507 2643 680 2726 disciplina,
704 2648 742 2708 de
756 2670 814 2730 qua
826 2649 868 2709 lo·

180 2743 276 2804 quor,
299 2741 346 2783 aut
367 2724 520 2783 amicitiam
540 2771 549 2801 ‚
569 2747 618 2787 aut
636 2726 774 2804 justitiam
798 2750 869 2810 pto-

174 2821 245 2885 .pter
264 2805 398 2863 utilitates
412 2803 525 2865 adscisci
541 2824 589 2867 aut
605 2810 737 2888 probati:
753 2810 867 2871 eaedem

178 2889 258 2946 enim
270 2888 405 2948 utilitates
419 2904 558 2967 poterunt
574 2909 622 2950 eas
636 2889 812 2953 labefasiare
827 2907 869 2950 at·

174 2964 234 3045 'que
254 2985 445 3050 pervertere:
467 2972 577 3032 etenim
594 2990 650 3032 nec
668 2968 796 3053 justitia,
814 2991 869 3037 nec
