2125 4067
157 531 239 632 446
286 527 704 603 aeternamm

152 651 186 712 ro
199 652 243 709 hic
263 648 343 707 locus
360 645 420 719 est,
437 663 469 706 ut
489 645 527 706 de
545 645 676 706 moribus
693 643 841 706 institutis·

154 749 212 811 que
235 726 379 807 majorum
395 771 410 800 ,-
424 728 455 786 &
472 725 617 806 disciplina
631 748 666 787 ac
690 740 838 808 tempera*

155 812 237 870 tione
263 810 386 868 civitatis
402 810 555 888 loquamur
569 826 581 864 τ’
597 806 660 867 aliis
686 807 748 868 hac
773 807 842 867 lotia

153 888 218 950 satis
234 889 368 948 accurate
385 910 401 947 a
416 889 501 948 nobis
517 887 595 947 dida
606 887 672 948 sunt
682 931 697 962 r
709 886 840 949 maxime·

135 1011 137 1015 -
155 989 215 1110 {lue
235 971 267 1027 in
282 971 314 1027 iis
332 967 378 1029 sex
400 969 499 1042 libris,
517 988 592 1049 quos
616 969 655 1029 de
682 968 841 1050 Republica

172 1050 333 1129 cripsimus.
510 1120 515 1128 η

199 1149 228 1188 2.
252 1128 322 1189 Hoc
345 1143 445 1188 autenr
466 1125 539 1188 loco-
556 1127 754 1189 consideranti
770 1128 839 1187 milti

158 1206 250 1269 studia
269 1208 427 1282 dodrinae,
453 1210 543 1268 multa
567 1208 635 1268 sane
663 1225 840 1280 occununt,

159 1310 210 1348 eur
233 1308 267 1349 ea
286 1308 404 1369 quoque
430 1291 565 1348 arcessita
586 1288 730 1361 aliunde,
750 1306 834 1368 neque

161 1367 253 1428 solum
280 1373 427 1450 expetita,
455 1368 504 1429 sed
529 1371 618 1429 etiam
646 1367 839 1441 conservata,

160 1449 194 1510 ὅ(
212 1449 286 1508 culta
310 1449 486 1510 videantur:
512 1467 573 1509 erat
593 1451 674 1510 enim
696 1450 752 1510 illis
767 1466 838 1530 pene

161 1531 192 1589 in
209 1528 366 1611 conspediu
383 1528 524 1609 prastanti
545 1529 686 1609 sapientia
712 1531 747 1590 &
764 1529 840 1590 nobit

161 1611 242 1670 litate
261 1610 464 1691 Pythagoras,
483 1610 532 1691 qui
551 1608 604 1669 fuit
625 1613 656 1669 in
675 1608 761 1671 Italia
777 1629 842 1671 tem·

161 1690 280 1829 f⁰fib¹³⁸
293 1690 412 1763 iisdem,
431 1692 533 1771 quibus
552 1691 590 1750 L.-
599 1688 709 1752 Brutus
729 1694 844 1772 patriam-

173 1770 313 1842 iberavit‚
329 1771 480 1851 praeclarus
494 1771 593 1832 audior
603 1772 770 1834 nobilitatis
781 1788 842 1833 tuae:

162 1846 338 1932 Pythagorae
364 1867 461 1911 autem
488 1850 618 1912 dodrina
644 1853 739 1933 quum
764 1850 843 1932 longi

162 1930 279 2012 latique
300 1931 426 2000 flueret,
449 1929 660 2011 permanaviffe
683 1933 756 1993 mihi
771 1933 845 1994 vide·

163 2015 256 2070 turin
276 2013 351 2071 hane
370 2013 537 2085 civitatem3
559 2012 650 2093 idque
669 2035 764 2094 quum
781 2033 846 2074 con·

164 2089 272 2171 jedurai
299 2091 450 2172 probabile
476 2096 515 2151 est
540 2136 551 2164 ,
582 2111 647 2153 tum
680 2094 846 2175 quibusdam

164 2175 251 2232 etiam
274 2171 398 2254 vestigiis
418 2172 568 2232 indicatur.
591 2173 671 2251 Quis
684 2174 728 2236 est
746 2177 853 2247 enim„

165 2256 214 2333 qui
234 2271 336 2334 putet,
355 2274 443 2333 quum
466 2253 585 2314 floreret
607 2257 637 2313 in
663 2251 748 2317 Italia
766 2254 848 2316 Grae-

166 2335 209 2391 cia
240 2336 448 2414 potentissimis
476 2335 509 2393 &
541 2335 675 2407 maximis
705 2336 854 2408 urbibus,

164 2431 223 2487 ea,
245 2436 310 2494 quae
328 2413 381 2473 Ma
403 2436 439 2473 na
458 2413 531 2472 ditia
550 2410 612 2488 est,
627 2416 658 2474 in
676 2415 776 2497 hisque
789 2417 846 2496 pri·

166 2494 247 2553 mum
272 2494 358 2570 ipsius
383 2435 562 2575 lythagorae
577 2540 593 2570 ‚,
616 2489 722 2556 deinde
747 2495 849 2575 postea

165 2568 420 2651 Pythagoreorum
455 2591 572 2644 tantum
600 2594 708 2639 numen
740 2572 810 2634 esset
835 2614 848 2646 ,

165 2650 330 2729 nostrorum
349 2654 522 2728 hominum,
540 2656 577 2715 ad
598 2676 701 2717 eorum
719 2653 850 2735 ‹ludiosi-

167 2753 229 2795 mas
247 2754 358 2808 voces,
377 2754 459 2794 aures
476 2735 581 2796 clausas
602 2735 685 2796 fuiffe
700 2735 718 2795 i·

139 2888 140 2891 Ἴ
165 2884 168 2889 ,
215 2832 242 2893 3.
255 2812 434 2894 Quinetiam
446 2817 567 2876 arbitror
582 2861 591 2890 ‚
608 2834 734 2896 propter
744 2814 852 2896 Pytha·

114 2892 119 2903 ¹
135 2902 137 2907 ’
168 2915 325 2973 goreorum
335 2897 577 2969 admirationem,
594 2895 725 2957 Numam
737 2913 855 2978 quoque

163 2994 268 3055 regem
287 2975 506 3059 Pythagoreum
522 3000 539 3037 a
557 2975 770 3058 posterioribus
787 2973 855 3037 exis·

163 3055 307 3129 duratum.
326 3057 405 3127 Nam
423 3078 513 3140 quum
534 3057 712 3140 Pythagora
732 3056 857 3139 discipli<
