2125 4067
279 506 354 581 ¹44
426 486 497 555 Dr
542 494 819 555 rrrrruus'

314 601 414 665 xlv.
433 600 477 661 Ur
500 598 578 659 enirn
592 595 759 660 obscuratur
780 598 815 659 δι
831 595 959 661 offundi-

273 702 320 745 tur
339 685 403 779 luce
416 681 482 778 solis
493 681 591 773 lumflcn
605 679 747 775 lucerna)
760 678 795 739 δι
811 696 846 739 ut
857 682 957 775 'interit

272 763 476 905 tritten
487 758 912 916 ΛΜΝ*
929 762 957 903 t

272 926 378 1066 tgipuino
393 946 465 986 unus
476 926 505 983 in
520 940 556 984 ec
569 941 634 993 vta,
651 942 715 1002 quae
728 916 771 981 cst
785 920 858 983 hinc
873 923 904 983 iu
916 920 956 983 lu·

296 1010 379 1067 'anit
404 1009 467 1079 sic,
510 1022 579 1061 uum
598 1001 634 1061 sit
653 1000 851 1063 inhonorum
873 1000 955 1078 finis,

271 1107 362 1169 quern
380 1084 470 1148 Stoici
488 1024 608 1154 dicunt,
631 1083 726 1143 omnis
742 1080 798 1142 ista
814 1102 916 1145 rerum
930 1086 955 1145 iu

272 1187 400 1250 corpore
420 1169 539 1229 sitarum
558 1160 705 1223 estimatio
722 1160 887 1243 splendore
905 1164 955 1225 vit·

271 1253 341 1311 tutis
361 1250 395 1309 dt
410 1241 607 1328 magnitudine
620 1241 791 1303 obscuretur
807 1242 842 1304 δι
858 1242 956 1305 obrut-

271 1346 364 1390 tutat
386 1348 422 1388 ue
441 1330 566 1387 intereat
585 1321 698 1385 ncceffc
717 1320 770 1383 est.
799 1320 840 1385 Et
859 1344 955 1407 qneru-

271 1349 432 1468 admodum
448 1429 488 1487 op
510 1405 650 1466 ortunitns
660 1411 674 1481 (
684 1404 724 1494 sic
735 1404 818 1465 eniut
830 1426 871 1487 up
895 1404 955 1467 elit·

270 1508 337 1548 mus
354 1428 509 1565 ricanr'aerg
526 1481 632 1545 nonsit
647 1504 742 1561 molor
763 1484 844 1565 prod
894 1488 900 1501 '
939 1504 953 1547 c

270 1570 413 1649 temporis
424 1566 438 1648 (
449 1567 557 1627 habent
567 1565 644 1625 enim
656 1563 736 1625 suurn
748 1564 878 1627 modum
889 1586 954 1649 qun·

272 1668 395 1731 cumque
411 1665 579 1729 opportuna
593 1642 749 1727 dicuntur)
765 1647 808 1707 sic
819 1644 899 1709 te&
914 1644 952 1709 es·

271 1727 359 1790 sectio
374 1728 387 1808 (
400 1733 551 1803 ascriptum
570 1728 646 1787 enim
662 1729 701 1787 ita
719 1726 863 1806 appello,
881 1747 951 1811 quo·

271 1813 348 1870 niam
365 1808 474 1869 retium
491 1804 597 1865 fanum
612 1803 793 1889 arripiatur)
812 1806 892 1869 retia
907 1808 952 1889 igi·

269 1908 318 1951 tur
335 1887 470 1960 effodio,
485 1888 556 1947 item
576 1886 783 1947 convenientia
801 1929 814 1957 ,
832 1888 951 1967 denique
988 1934 989 1959 r

269 1970 363 2052 ipsunt
382 1972 514 2040 bonum,
530 1967 612 2047 quod
631 1969 660 2026 in
682 1986 720 2027 eo
740 1968 874 2047 potitum
895 1964 951 2042 cst,

270 2070 303 2111 ut
320 2071 427 2112 naturae
447 2046 622 2122 consentiat,
638 2044 798 2109 crescendo
815 2049 952 2110 accessio·

268 2152 341 2194 nem
358 2132 464 2191 nullam
479 2129 577 2188 habet.

266 2260 272 2267 .
312 2212 361 2288 46.
381 2211 423 2272 Ut
439 2212 517 2270 enim
530 2209 731 2289 opportunitas
743 2206 951 2283 illa,sich2c,

271 2292 427 2375 dequibus
447 2291 504 2351 dixi
523 2334 533 2364 ,
553 2311 613 2350 non
631 2286 703 2351 fiunt
718 2292 871 2371 temporis¹
909 2312 952 2351 ro·

268 2373 407 2434 (ludione
417 2371 545 2449 majora:
559 2371 600 2431 ob
614 2388 737 2451 eamque
747 2369 864 2431 causam
879 2312 952 2433 stoi·

269 2453 313 2508 cis
331 2474 392 2511 non
408 2453 522 2511 videtur
531 2451 707 2529 optabilior,
721 2469 777 2511 nec
794 2451 889 2535 magis
906 2470 952 2513 ex·

295 2531 399 2589 ctenda
415 2531 498 2590 beata
516 2532 597 2602 vita,
614 2532 637 2589 si
653 2533 688 2591 sit
705 2531 817 2612 longa,
834 2531 953 2613 quintii

267 2550 386 2671 Ercvis:
403 2627 577 2689 utunturque
599 2611 691 2670 simili.
717 2609 761 2670 Ut
777 2612 802 2671 si
823 2612 952 2674 cothurni

268 2692 332 2750 iaus
349 2690 396 2750 illa
413 2688 500 2763 esset,
517 2690 554 2749 ad
566 2690 673 2770 pedem
692 2691 757 2771 apti
775 2694 952 2767 convenite,

267 2792 368 2852 neque
382 2772 463 2831 multi
478 2770 610 2831 cothurni
625 2773 723 2851 paucis
735 2789 953 2855 anteponeren-

268 2870 337 2926 tur,
353 2870 408 2914 uec
423 2851 551 2932 majores
569 2852 742 2911 minoribus:
766 2853 808 2912 sic
829 2872 951 2936 quotum

271 2953 360 2995 omne
381 2933 492 2995 bonum
508 2931 712 2995 convenientii
731 2948 822 3013 atque
843 2954 952 3030 opput-

271 3015 393 3075 tunitate
413 3013 536 3088 finitur,
561 3033 615 3075 nec
639 3012 721 3095 plura
740 3015 953 3095 paucioribus,

902 3112 952 3159 uec
