<?xml version="1.0" encoding="UTF-8"?>
<!DOCTYPE html PUBLIC "-//W3C//DTD XHTML 1.0 Transitional//EN"
    "http://www.w3.org/TR/xhtml1/DTD/xhtml1-transitional.dtd">
<html xmlns="http://www.w3.org/1999/xhtml" xml:lang="en" lang="en">
 <head>
  <title>
</title>
<meta http-equiv="Content-Type" content="text/html;charset=utf-8" />
  <meta name='ocr-system' content='tesseract 3.04.00' />
  <meta name='ocr-capabilities' content='ocr_page ocr_carea ocr_par ocr_line ocrx_word'/>
</head>
<body>
  <div class='ocr_page' id='page_1' title='image "./mtulliiciceroni00lallgoog_0071.png"; bbox 0 0 2125 4067; ppageno 0'>
   <div class='ocr_carea' id='block_1_1' title="bbox 106 483 816 687">
    <p class='ocr_par' dir='ltr' id='par_1_1' title="bbox 106 483 816 687">
     <span class='ocr_line' id='line_1_1' title="bbox 228 483 814 581; baseline -0.002 -21"><span class='ocrx_word' id='word_1_1' title='bbox 228 483 388 562; x_wconf 76' lang='lat' dir='ltr'>&#39;Lraan</span> <span class='ocrx_word' id='word_1_2' title='bbox 430 505 712 560; x_wconf 66' lang='lat' dir='ltr'>saturnus.</span> <span class='ocrx_word' id='word_1_3' title='bbox 761 486 814 581; x_wconf 80' lang='lat'>69&#39;</span> 
     </span>
     <span class='ocr_line' id='line_1_2' title="bbox 106 600 816 687; baseline -0.003 -23"><span class='ocrx_word' id='word_1_4' title='bbox 106 667 111 679; x_wconf 63' lang='grc'>,</span> <span class='ocrx_word' id='word_1_5' title='bbox 128 600 244 679; x_wconf 76' lang='lat' dir='ltr'>solent,</span> <span class='ocrx_word' id='word_1_6' title='bbox 263 627 350 686; x_wconf 90' lang='lat' dir='ltr'>quurn</span> <span class='ocrx_word' id='word_1_7' title='bbox 361 605 530 666; x_wconf 86' lang='lat' dir='ltr'>sententiam</span> <span class='ocrx_word' id='word_1_8' title='bbox 547 605 752 687; x_wconf 85' lang='lat' dir='ltr'>pronuntiant,</span> <span class='ocrx_word' id='word_1_9' title='bbox 764 603 816 662; x_wconf 85' lang='lat' dir='ltr'>ad·</span> 
     </span>
    </p>
   </div>
   <div class='ocr_carea' id='block_1_2' title="bbox 89 684 825 3000">
    <p class='ocr_par' dir='ltr' id='par_1_2' title="bbox 130 684 817 1153">
     <span class='ocr_line' id='line_1_3' title="bbox 131 684 813 764; baseline 0.001 -22"><span class='ocrx_word' id='word_1_10' title='bbox 131 684 222 757; x_wconf 87' lang='lat' dir='ltr'>dere,</span> <span class='ocrx_word' id='word_1_11' title='bbox 239 688 271 746; x_wconf 85' lang='lat' dir='ltr'>Si</span> <span class='ocrx_word' id='word_1_12' title='bbox 286 690 351 764; x_wconf 77' lang='lat' dir='ltr'>quid</span> <span class='ocrx_word' id='word_1_13' title='bbox 366 690 416 745; x_wconf 84' lang='lat' dir='ltr'>mei</span> <span class='ocrx_word' id='word_1_14' title='bbox 427 684 530 764; x_wconf 79' lang='lat' dir='ltr'>judicii</span> <span class='ocrx_word' id='word_1_15' title='bbox 547 689 599 763; x_wconf 66' lang='lat' dir='ltr'>esi:</span> <span class='ocrx_word' id='word_1_16' title='bbox 617 688 733 745; x_wconf 88' lang='lat' dir='ltr'>sienim</span> <span class='ocrx_word' id='word_1_17' title='bbox 751 704 813 743; x_wconf 87' lang='lat' dir='ltr'>non</span> 
     </span>
     <span class='ocr_line' id='line_1_4' title="bbox 130 763 814 845; baseline 0 -23"><span class='ocrx_word' id='word_1_18' title='bbox 130 763 186 822; x_wconf 83' lang='lat' dir='ltr'>fuit</span> <span class='ocrx_word' id='word_1_19' title='bbox 206 784 310 823; x_wconf 83' lang='lat' dir='ltr'>eorum</span> <span class='ocrx_word' id='word_1_20' title='bbox 326 763 423 841; x_wconf 77' lang='lat' dir='ltr'>judicii</span> <span class='ocrx_word' id='word_1_21' title='bbox 433 810 442 836; x_wconf 90' lang='lat'><strong>‚</strong></span> <span class='ocrx_word' id='word_1_22' title='bbox 454 767 545 824; x_wconf 75' lang='lat' dir='ltr'>nihilh</span> <span class='ocrx_word' id='word_1_23' title='bbox 556 768 666 845; x_wconf 86' lang='lat' dir='ltr'>magis,</span> <span class='ocrx_word' id='word_1_24' title='bbox 681 766 737 824; x_wconf 91' lang='lat' dir='ltr'>hoc</span> <span class='ocrx_word' id='word_1_25' title='bbox 751 783 814 823; x_wconf 87' lang='lat' dir='ltr'>non</span> 
     </span>
     <span class='ocr_line' id='line_1_5' title="bbox 130 841 815 924; baseline 0.007 -26"><span class='ocrx_word' id='word_1_26' title='bbox 130 843 258 917; x_wconf 84' lang='lat' dir='ltr'>addito,</span> <span class='ocrx_word' id='word_1_27' title='bbox 276 843 345 901; x_wconf 91' lang='lat' dir='ltr'>illud</span> <span class='ocrx_word' id='word_1_28' title='bbox 366 843 406 902; x_wconf 84' lang='lat' dir='ltr'>est</span> <span class='ocrx_word' id='word_1_29' title='bbox 422 841 588 921; x_wconf 71' lang='lat' dir='ltr'>iudicatum.</span> <span class='ocrx_word' id='word_1_30' title='bbox 606 844 686 922; x_wconf 87' lang='lat' dir='ltr'>Quid</span> <span class='ocrx_word' id='word_1_31' title='bbox 703 844 815 924; x_wconf 85' lang='lat' dir='ltr'>judica·</span> 
     </span>
     <span class='ocr_line' id='line_1_6' title="bbox 136 919 817 1004; baseline 0.009 -26"><span class='ocrx_word' id='word_1_32' title='bbox 136 937 183 978; x_wconf 91' lang='lat' dir='ltr'>tur</span> <span class='ocrx_word' id='word_1_33' title='bbox 199 919 348 980; x_wconf 80' lang='lat' dir='ltr'>sensibus?</span> <span class='ocrx_word' id='word_1_34' title='bbox 363 922 466 994; x_wconf 87' lang='lat' dir='ltr'>dulce,</span> <span class='ocrx_word' id='word_1_35' title='bbox 482 944 624 982; x_wconf 84' lang='lat' dir='ltr'>amarum:</span> <span class='ocrx_word' id='word_1_36' title='bbox 638 926 720 998; x_wconf 86' lang='lat' dir='ltr'>lene,</span> <span class='ocrx_word' id='word_1_37' title='bbox 735 923 817 1004; x_wconf 87' lang='lat' dir='ltr'>aspe·</span> 
     </span>
     <span class='ocr_line' id='line_1_7' title="bbox 135 999 817 1084; baseline 0.013 -25"><span class='ocrx_word' id='word_1_38' title='bbox 135 1021 220 1059; x_wconf 89' lang='lat' dir='ltr'>rum:</span> <span class='ocrx_word' id='word_1_39' title='bbox 239 1001 351 1081; x_wconf 73' lang='lat' dir='ltr'>prope,</span> <span class='ocrx_word' id='word_1_40' title='bbox 366 1000 469 1082; x_wconf 74' lang='lat' dir='ltr'>longe:</span> <span class='ocrx_word' id='word_1_41' title='bbox 486 999 578 1074; x_wconf 87' lang='lat' dir='ltr'>stare,</span> <span class='ocrx_word' id='word_1_42' title='bbox 594 1022 730 1065; x_wconf 85' lang='lat' dir='ltr'>movere:</span> <span class='ocrx_word' id='word_1_43' title='bbox 743 1024 817 1084; x_wconf 58' lang='lat' dir='ltr'>quae</span> 
     </span>
     <span class='ocr_line' id='line_1_8' title="bbox 134 1079 457 1153; baseline 0 -14"><span class='ocrx_word' id='word_1_44' title='bbox 134 1079 249 1140; x_wconf 89' lang='lat' dir='ltr'>drarum</span> <span class='ocrx_word' id='word_1_45' title='bbox 261 1124 276 1153; x_wconf 58' lang='grc'>,,</span> <span class='ocrx_word' id='word_1_46' title='bbox 289 1082 457 1141; x_wconf 89' lang='lat' dir='ltr'>rotundum.</span> 
     </span>
    </p>

    <p class='ocr_par' dir='ltr' id='par_1_3' title="bbox 134 1157 824 2184">
     <span class='ocr_line' id='line_1_9' title="bbox 178 1157 821 1243; baseline 0 -23"><span class='ocrx_word' id='word_1_47' title='bbox 178 1179 227 1240; x_wconf 82' lang='lat'>37.</span> <span class='ocrx_word' id='word_1_48' title='bbox 249 1160 350 1240; x_wconf 85' lang='lat' dir='ltr'>Quam</span> <span class='ocrx_word' id='word_1_49' title='bbox 375 1163 461 1243; x_wconf 84' lang='lat' dir='ltr'>igitur</span> <span class='ocrx_word' id='word_1_50' title='bbox 503 1160 681 1220; x_wconf 74' lang='lat' dir='ltr'>renuntiabit</span> <span class='ocrx_word' id='word_1_51' title='bbox 705 1157 821 1220; x_wconf 88' lang='lat' dir='ltr'>senten·</span> 
     </span>
     <span class='ocr_line' id='line_1_10' title="bbox 134 1239 821 1321; baseline 0 -21"><span class='ocrx_word' id='word_1_52' title='bbox 134 1242 207 1300; x_wconf 84' lang='lat' dir='ltr'>tiam</span> <span class='ocrx_word' id='word_1_53' title='bbox 226 1242 331 1301; x_wconf 84' lang='lat' dir='ltr'>ratio?</span> <span class='ocrx_word' id='word_1_54' title='bbox 352 1239 493 1302; x_wconf 88' lang='lat' dir='ltr'>Adhibita</span> <span class='ocrx_word' id='word_1_55' title='bbox 512 1242 639 1321; x_wconf 77' lang='lat' dir='ltr'>primum</span> <span class='ocrx_word' id='word_1_56' title='bbox 660 1241 821 1300; x_wconf 87' lang='lat' dir='ltr'>divinarum</span> 
     </span>
     <span class='ocr_line' id='line_1_11' title="bbox 136 1319 822 1402; baseline 0.003 -22"><span class='ocrx_word' id='word_1_57' title='bbox 136 1322 382 1402; x_wconf 86' lang='lat' dir='ltr'>humanarumque</span> <span class='ocrx_word' id='word_1_58' title='bbox 406 1342 502 1383; x_wconf 89' lang='lat' dir='ltr'>rerum</span> <span class='ocrx_word' id='word_1_59' title='bbox 520 1319 661 1393; x_wconf 75' lang='lat' dir='ltr'>scientid,</span> <span class='ocrx_word' id='word_1_60' title='bbox 679 1342 743 1401; x_wconf 85' lang='lat' dir='ltr'>quae</span> <span class='ocrx_word' id='word_1_61' title='bbox 763 1342 822 1402; x_wconf 90' lang='lat' dir='ltr'>po-</span> 
     </span>
     <span class='ocr_line' id='line_1_12' title="bbox 138 1399 823 1482; baseline 0.001 -23"><span class='ocrx_word' id='word_1_62' title='bbox 138 1399 193 1459; x_wconf 90' lang='lat' dir='ltr'>test</span> <span class='ocrx_word' id='word_1_63' title='bbox 218 1403 354 1482; x_wconf 86' lang='lat' dir='ltr'>appellari</span> <span class='ocrx_word' id='word_1_64' title='bbox 379 1405 431 1463; x_wconf 89' lang='lat' dir='ltr'>rite</span> <span class='ocrx_word' id='word_1_65' title='bbox 450 1402 587 1482; x_wconf 84' lang='lat' dir='ltr'>sapientia</span> <span class='ocrx_word' id='word_1_66' title='bbox 605 1421 615 1472; x_wconf 92' lang='lat'>;</span> <span class='ocrx_word' id='word_1_67' title='bbox 640 1401 744 1462; x_wconf 89' lang='lat' dir='ltr'>deinde</span> <span class='ocrx_word' id='word_1_68' title='bbox 765 1401 823 1460; x_wconf 89' lang='lat' dir='ltr'>ad·</span> 
     </span>
     <span class='ocr_line' id='line_1_13' title="bbox 138 1479 820 1564; baseline 0.004 -25"><span class='ocrx_word' id='word_1_69' title='bbox 138 1479 241 1560; x_wconf 74' lang='lat' dir='ltr'>junilis</span> <span class='ocrx_word' id='word_1_70' title='bbox 260 1483 435 1556; x_wconf 84' lang='lat' dir='ltr'>virtutibus,</span> <span class='ocrx_word' id='word_1_71' title='bbox 456 1503 527 1564; x_wconf 89' lang='lat' dir='ltr'>quas</span> <span class='ocrx_word' id='word_1_72' title='bbox 544 1484 618 1541; x_wconf 91' lang='lat' dir='ltr'>ratio</span> <span class='ocrx_word' id='word_1_73' title='bbox 636 1502 731 1542; x_wconf 89' lang='lat' dir='ltr'>rerum</span> <span class='ocrx_word' id='word_1_74' title='bbox 752 1503 820 1542; x_wconf 88' lang='lat' dir='ltr'>orn·</span> 
     </span>
     <span class='ocr_line' id='line_1_14' title="bbox 138 1560 821 1642; baseline 0.004 -22"><span class='ocrx_word' id='word_1_75' title='bbox 138 1564 221 1620; x_wconf 90' lang='lat' dir='ltr'>niurn</span> <span class='ocrx_word' id='word_1_76' title='bbox 245 1561 402 1634; x_wconf 86' lang='lat' dir='ltr'>dominas,</span> <span class='ocrx_word' id='word_1_77' title='bbox 425 1580 456 1623; x_wconf 93' lang='lat' dir='ltr'>tu</span> <span class='ocrx_word' id='word_1_78' title='bbox 481 1562 663 1642; x_wconf 87' lang='lat' dir='ltr'>voluptatum</span> <span class='ocrx_word' id='word_1_79' title='bbox 687 1560 821 1624; x_wconf 70' lang='lat' dir='ltr'>satellites</span> 
     </span>
     <span class='ocr_line' id='line_1_15' title="bbox 140 1641 821 1722; baseline 0.004 -22"><span class='ocrx_word' id='word_1_80' title='bbox 140 1643 173 1700; x_wconf 90' lang='lat'>&amp;</span> <span class='ocrx_word' id='word_1_81' title='bbox 198 1641 338 1702; x_wconf 86' lang='lat' dir='ltr'>ministras</span> <span class='ocrx_word' id='word_1_82' title='bbox 361 1641 415 1704; x_wconf 87' lang='lat' dir='ltr'>elle</span> <span class='ocrx_word' id='word_1_83' title='bbox 440 1641 579 1715; x_wconf 80' lang='lat' dir='ltr'>voluisti3</span> <span class='ocrx_word' id='word_1_84' title='bbox 603 1664 723 1722; x_wconf 86' lang='lat' dir='ltr'>quarum</span> <span class='ocrx_word' id='word_1_85' title='bbox 743 1642 821 1703; x_wconf 85' lang='lat' dir='ltr'>adeo</span> 
     </span>
     <span class='ocr_line' id='line_1_16' title="bbox 137 1721 822 1804; baseline 0.004 -24"><span class='ocrx_word' id='word_1_86' title='bbox 137 1724 271 1782; x_wconf 85' lang='lat' dir='ltr'>omnium</span> <span class='ocrx_word' id='word_1_87' title='bbox 293 1721 432 1784; x_wconf 72' lang='lat' dir='ltr'>sententid</span> <span class='ocrx_word' id='word_1_88' title='bbox 447 1722 671 1804; x_wconf 86' lang='lat' dir='ltr'>pronuntiabit,</span> <span class='ocrx_word' id='word_1_89' title='bbox 697 1724 822 1803; x_wconf 78' lang='lat' dir='ltr'>primum</span> 
     </span>
     <span class='ocr_line' id='line_1_17' title="bbox 140 1800 822 1884; baseline 0.004 -24"><span class='ocrx_word' id='word_1_90' title='bbox 140 1802 178 1861; x_wconf 87' lang='lat' dir='ltr'>de</span> <span class='ocrx_word' id='word_1_91' title='bbox 195 1804 344 1882; x_wconf 87' lang='lat' dir='ltr'>voluptate</span> <span class='ocrx_word' id='word_1_92' title='bbox 355 1803 454 1884; x_wconf 64' lang='lat' dir='ltr'>„nihil</span> <span class='ocrx_word' id='word_1_93' title='bbox 468 1800 525 1863; x_wconf 82' lang='lat' dir='ltr'>effe</span> <span class='ocrx_word' id='word_1_94' title='bbox 542 1805 569 1863; x_wconf 92' lang='lat' dir='ltr'>ei</span> <span class='ocrx_word' id='word_1_95' title='bbox 583 1802 640 1863; x_wconf 88' lang='lat' dir='ltr'>loci</span> <span class='ocrx_word' id='word_1_96' title='bbox 652 1847 662 1875; x_wconf 89' lang='lat'>,</span> <span class='ocrx_word' id='word_1_97' title='bbox 676 1824 736 1862; x_wconf 93' lang='lat' dir='ltr'>non</span> <span class='ocrx_word' id='word_1_98' title='bbox 753 1824 822 1863; x_wconf 90' lang='lat' dir='ltr'>rno-</span> 
     </span>
     <span class='ocr_line' id='line_1_18' title="bbox 139 1881 820 1964; baseline 0.001 -23"><span class='ocrx_word' id='word_1_99' title='bbox 139 1882 180 1941; x_wconf 85' lang='lat' dir='ltr'>db</span> <span class='ocrx_word' id='word_1_100' title='bbox 199 1901 230 1943; x_wconf 89' lang='lat' dir='ltr'>ut</span> <span class='ocrx_word' id='word_1_101' title='bbox 248 1883 308 1944; x_wconf 90' lang='lat' dir='ltr'>sola</span> <span class='ocrx_word' id='word_1_102' title='bbox 330 1903 455 1964; x_wconf 81' lang='lat' dir='ltr'>ponatur</span> <span class='ocrx_word' id='word_1_103' title='bbox 473 1886 502 1943; x_wconf 88' lang='lat' dir='ltr'>in</span> <span class='ocrx_word' id='word_1_104' title='bbox 520 1881 623 1943; x_wconf 87' lang='lat' dir='ltr'>summi</span> <span class='ocrx_word' id='word_1_105' title='bbox 638 1884 710 1943; x_wconf 87' lang='lat' dir='ltr'>boni</span> <span class='ocrx_word' id='word_1_106' title='bbox 730 1881 820 1956; x_wconf 83' lang='lat' dir='ltr'>sede,</span> 
     </span>
     <span class='ocr_line' id='line_1_19' title="bbox 139 1963 824 2045; baseline 0 -23"><span class='ocrx_word' id='word_1_107' title='bbox 139 1983 226 2042; x_wconf 85' lang='lat' dir='ltr'>quarn</span> <span class='ocrx_word' id='word_1_108' title='bbox 244 1966 416 2045; x_wconf 71' lang='lat' dir='ltr'>querimus,</span> <span class='ocrx_word' id='word_1_109' title='bbox 434 1963 485 2024; x_wconf 89' lang='lat' dir='ltr'>sed</span> <span class='ocrx_word' id='word_1_110' title='bbox 502 1984 540 2023; x_wconf 93' lang='lat' dir='ltr'>ne</span> <span class='ocrx_word' id='word_1_111' title='bbox 555 1964 607 2022; x_wconf 92' lang='lat' dir='ltr'>illo</span> <span class='ocrx_word' id='word_1_112' title='bbox 620 1963 739 2042; x_wconf 87' lang='lat' dir='ltr'>quidem</span> <span class='ocrx_word' id='word_1_113' title='bbox 755 1984 824 2022; x_wconf 87' lang='lat' dir='ltr'>rno-</span> 
     </span>
     <span class='ocr_line' id='line_1_20' title="bbox 140 2041 823 2123; baseline 0.006 -22"><span class='ocrx_word' id='word_1_114' title='bbox 140 2043 203 2117; x_wconf 81' lang='lat' dir='ltr'>do‚</span> <span class='ocrx_word' id='word_1_115' title='bbox 222 2062 253 2103; x_wconf 88' lang='lat' dir='ltr'>ut</span> <span class='ocrx_word' id='word_1_116' title='bbox 269 2044 306 2103; x_wconf 84' lang='lat' dir='ltr'>ad</span> <span class='ocrx_word' id='word_1_117' title='bbox 320 2043 502 2105; x_wconf 85' lang='lat' dir='ltr'>honestatem</span> <span class='ocrx_word' id='word_1_118' title='bbox 515 2043 684 2123; x_wconf 85' lang='lat' dir='ltr'>applicetur.</span> <span class='ocrx_word' id='word_1_119' title='bbox 706 2041 756 2102; x_wconf 92' lang='lat' dir='ltr'>De</span> <span class='ocrx_word' id='word_1_120' title='bbox 769 2063 823 2105; x_wconf 78' lang='lat' dir='ltr'>va·</span> 
     </span>
     <span class='ocr_line' id='line_1_21' title="bbox 142 2121 818 2184; baseline 0 -3"><span class='ocrx_word' id='word_1_121' title='bbox 142 2124 248 2183; x_wconf 84' lang='lat' dir='ltr'>euitare</span> <span class='ocrx_word' id='word_1_122' title='bbox 264 2123 373 2183; x_wconf 90' lang='lat' dir='ltr'>doloris</span> <span class='ocrx_word' id='word_1_123' title='bbox 389 2123 493 2184; x_wconf 85' lang='lat' dir='ltr'>eadem</span> <span class='ocrx_word' id='word_1_124' title='bbox 512 2121 649 2183; x_wconf 85' lang='lat' dir='ltr'>sententia</span> <span class='ocrx_word' id='word_1_125' title='bbox 661 2121 715 2183; x_wconf 87' lang='lat' dir='ltr'>est.</span> <span class='ocrx_word' id='word_1_126' title='bbox 733 2165 735 2169; x_wconf 87' lang='lat'>-</span> <span class='ocrx_word' id='word_1_127' title='bbox 814 2161 818 2167; x_wconf 89' lang='lat'>-</span> 
     </span>
    </p>

    <p class='ocr_par' dir='ltr' id='par_1_4' title="bbox 89 2200 825 3000">
     <span class='ocr_line' id='line_1_22' title="bbox 188 2200 824 2280; baseline 0.002 -19"><span class='ocrx_word' id='word_1_128' title='bbox 188 2201 235 2279; x_wconf 87' lang='lat'>38.</span> <span class='ocrx_word' id='word_1_129' title='bbox 260 2200 417 2280; x_wconf 81' lang='lat' dir='ltr'>Rejicietur</span> <span class='ocrx_word' id='word_1_130' title='bbox 442 2204 530 2260; x_wconf 85' lang='lat' dir='ltr'>etiarn</span> <span class='ocrx_word' id='word_1_131' title='bbox 552 2200 744 2262; x_wconf 83' lang='lat' dir='ltr'>Carneades:</span> <span class='ocrx_word' id='word_1_132' title='bbox 768 2221 824 2262; x_wconf 90' lang='lat' dir='ltr'>nec</span> 
     </span>
     <span class='ocr_line' id='line_1_23' title="bbox 141 2279 825 2360; baseline -0.003 -18"><span class='ocrx_word' id='word_1_133' title='bbox 141 2280 201 2342; x_wconf 85' lang='lat' dir='ltr'>ulla</span> <span class='ocrx_word' id='word_1_134' title='bbox 220 2281 257 2341; x_wconf 91' lang='lat' dir='ltr'>de</span> <span class='ocrx_word' id='word_1_135' title='bbox 275 2279 388 2342; x_wconf 86' lang='lat' dir='ltr'>summo</span> <span class='ocrx_word' id='word_1_136' title='bbox 404 2282 573 2340; x_wconf 84' lang='lat' dir='ltr'>honoratio</span> <span class='ocrx_word' id='word_1_137' title='bbox 590 2297 638 2338; x_wconf 84' lang='lat' dir='ltr'>aut</span> <span class='ocrx_word' id='word_1_138' title='bbox 655 2280 825 2360; x_wconf 85' lang='lat' dir='ltr'>voluptatis,</span> 
     </span>
     <span class='ocr_line' id='line_1_24' title="bbox 141 2359 825 2441; baseline 0.001 -19"><span class='ocrx_word' id='word_1_139' title='bbox 141 2383 204 2422; x_wconf 86' lang='lat' dir='ltr'>non</span> <span class='ocrx_word' id='word_1_140' title='bbox 226 2361 386 2423; x_wconf 85' lang='lat' dir='ltr'>dolendive</span> <span class='ocrx_word' id='word_1_141' title='bbox 407 2363 550 2441; x_wconf 83' lang='lat' dir='ltr'>particeps</span> <span class='ocrx_word' id='word_1_142' title='bbox 568 2377 647 2433; x_wconf 19' lang='lat' dir='ltr'>‚Vaut</span> <span class='ocrx_word' id='word_1_143' title='bbox 669 2359 825 2423; x_wconf 77' lang='lat' dir='ltr'>honestatis</span> 
     </span>
     <span class='ocr_line' id='line_1_25' title="bbox 142 2440 823 2524; baseline 0.001 -22"><span class='ocrx_word' id='word_1_144' title='bbox 142 2441 274 2522; x_wconf 84' lang='lat' dir='ltr'>expers,</span> <span class='ocrx_word' id='word_1_145' title='bbox 293 2442 462 2524; x_wconf 86' lang='lat' dir='ltr'>probabitur</span> <span class='ocrx_word' id='word_1_146' title='bbox 481 2461 490 2500; x_wconf 73' lang='grc' dir='ltr'>ι</span> <span class='ocrx_word' id='word_1_147' title='bbox 509 2443 549 2500; x_wconf 85' lang='lat' dir='ltr'>ita</span> <span class='ocrx_word' id='word_1_148' title='bbox 570 2440 711 2523; x_wconf 87' lang='lat' dir='ltr'>relinquet</span> <span class='ocrx_word' id='word_1_149' title='bbox 733 2442 823 2519; x_wconf 86' lang='lat' dir='ltr'>duas,</span> 
     </span>
     <span class='ocr_line' id='line_1_26' title="bbox 143 2522 821 2605; baseline 0.007 -23"><span class='ocrx_word' id='word_1_150' title='bbox 143 2522 181 2597; x_wconf 85' lang='lat' dir='ltr'>de</span> <span class='ocrx_word' id='word_1_151' title='bbox 198 2524 301 2605; x_wconf 87' lang='lat' dir='ltr'>quibus</span> <span class='ocrx_word' id='word_1_152' title='bbox 320 2526 406 2583; x_wconf 87' lang='lat' dir='ltr'>etiarn</span> <span class='ocrx_word' id='word_1_153' title='bbox 424 2539 509 2602; x_wconf 86' lang='lat' dir='ltr'>atque</span> <span class='ocrx_word' id='word_1_154' title='bbox 528 2524 614 2583; x_wconf 86' lang='lat' dir='ltr'>etiam</span> <span class='ocrx_word' id='word_1_155' title='bbox 638 2524 821 2589; x_wconf 80' lang='lat' dir='ltr'>considerett</span> 
     </span>
     <span class='ocr_line' id='line_1_27' title="bbox 143 2601 823 2679; baseline 0.006 -19"><span class='ocrx_word' id='word_1_156' title='bbox 143 2619 192 2679; x_wconf 80' lang='lat' dir='ltr'>aut</span> <span class='ocrx_word' id='word_1_157' title='bbox 212 2605 289 2663; x_wconf 83' lang='lat' dir='ltr'>enim</span> <span class='ocrx_word' id='word_1_158' title='bbox 310 2602 433 2677; x_wconf 84' lang='lat' dir='ltr'>statuet,</span> <span class='ocrx_word' id='word_1_159' title='bbox 454 2601 525 2661; x_wconf 85' lang='lat' dir='ltr'>nihil</span> <span class='ocrx_word' id='word_1_160' title='bbox 542 2601 598 2664; x_wconf 80' lang='lat' dir='ltr'>effe</span> <span class='ocrx_word' id='word_1_161' title='bbox 616 2603 748 2677; x_wconf 89' lang='lat' dir='ltr'>bonurn,</span> <span class='ocrx_word' id='word_1_162' title='bbox 769 2605 823 2664; x_wconf 83' lang='lat' dir='ltr'>nisi</span> 
     </span>
     <span class='ocr_line' id='line_1_28' title="bbox 138 2681 824 2764; baseline 0.01 -24"><span class='ocrx_word' id='word_1_163' title='bbox 138 2681 315 2760; x_wconf 64' lang='lat' dir='ltr'>&#39;honestum</span> <span class='ocrx_word' id='word_1_164' title='bbox 334 2684 403 2743; x_wconf 89' lang='lat' dir='ltr'>nihil</span> <span class='ocrx_word' id='word_1_165' title='bbox 419 2683 551 2756; x_wconf 80' lang='lat' dir='ltr'>malunt,</span> <span class='ocrx_word' id='word_1_166' title='bbox 572 2686 625 2742; x_wconf 89' lang='lat' dir='ltr'>nisi</span> <span class='ocrx_word' id='word_1_167' title='bbox 644 2701 747 2764; x_wconf 88' lang='lat' dir='ltr'>turpe:</span> <span class='ocrx_word' id='word_1_168' title='bbox 768 2704 824 2747; x_wconf 84' lang='lat' dir='ltr'>ce·-¹</span> 
     </span>
     <span class='ocr_line' id='line_1_29' title="bbox 89 2760 823 2834; baseline 0.004 -15"><span class='ocrx_word' id='word_1_169' title='bbox 89 2828 93 2833; x_wconf 19' lang='lat'>³</span> <span class='ocrx_word' id='word_1_170' title='bbox 143 2778 209 2820; x_wconf 85' lang='lat' dir='ltr'>tera</span> <span class='ocrx_word' id='word_1_171' title='bbox 226 2778 273 2820; x_wconf 89' lang='lat' dir='ltr'>aut</span> <span class='ocrx_word' id='word_1_172' title='bbox 293 2766 412 2822; x_wconf 86' lang='lat' dir='ltr'>omnino</span> <span class='ocrx_word' id='word_1_173' title='bbox 431 2760 500 2822; x_wconf 85' lang='lat' dir='ltr'>nihil</span> <span class='ocrx_word' id='word_1_174' title='bbox 520 2762 628 2824; x_wconf 87' lang='lat' dir='ltr'>habere</span> <span class='ocrx_word' id='word_1_175' title='bbox 649 2766 823 2834; x_wconf 88' lang='lat' dir='ltr'>momenti,</span> 
     </span>
     <span class='ocr_line' id='line_1_30' title="bbox 144 2842 825 2920; baseline 0 -21"><span class='ocrx_word' id='word_1_176' title='bbox 144 2855 196 2900; x_wconf 92' lang='lat' dir='ltr'>aut</span> <span class='ocrx_word' id='word_1_177' title='bbox 206 2843 316 2899; x_wconf 83' lang='lat' dir='ltr'>tanthm</span> <span class='ocrx_word' id='word_1_178' title='bbox 329 2884 338 2913; x_wconf 90' lang='lat'>‚</span> <span class='ocrx_word' id='word_1_179' title='bbox 353 2858 384 2899; x_wconf 90' lang='lat' dir='ltr'>ut</span> <span class='ocrx_word' id='word_1_180' title='bbox 394 2860 447 2899; x_wconf 89' lang='lat' dir='ltr'>nec</span> <span class='ocrx_word' id='word_1_181' title='bbox 456 2843 619 2918; x_wconf 86' lang='lat' dir='ltr'>expetenda</span> <span class='ocrx_word' id='word_1_182' title='bbox 628 2887 638 2913; x_wconf 91' lang='lat'>‚</span> <span class='ocrx_word' id='word_1_183' title='bbox 647 2862 703 2901; x_wconf 93' lang='lat' dir='ltr'>nec</span> <span class='ocrx_word' id='word_1_184' title='bbox 713 2842 825 2920; x_wconf 84' lang='lat' dir='ltr'>fugien·</span> 
     </span>
     <span class='ocr_line' id='line_1_31' title="bbox 143 2918 824 3000; baseline 0.003 -20"><span class='ocrx_word' id='word_1_185' title='bbox 143 2920 200 2994; x_wconf 88' lang='lat' dir='ltr'>da,</span> <span class='ocrx_word' id='word_1_186' title='bbox 212 2918 261 2980; x_wconf 91' lang='lat' dir='ltr'>sed</span> <span class='ocrx_word' id='word_1_187' title='bbox 272 2919 405 3000; x_wconf 84' lang='lat' dir='ltr'>eligenda</span> <span class='ocrx_word' id='word_1_188' title='bbox 419 2918 510 2977; x_wconf 83' lang='lat' dir='ltr'>modb</span> <span class='ocrx_word' id='word_1_189' title='bbox 524 2937 572 2976; x_wconf 85' lang='lat' dir='ltr'>aut</span> <span class='ocrx_word' id='word_1_190' title='bbox 585 2918 739 2996; x_wconf 76' lang='lat' dir='ltr'>rejicienda</span> <span class='ocrx_word' id='word_1_191' title='bbox 750 2922 824 2982; x_wconf 83' lang='lat' dir='ltr'>sint:</span> 
     </span>
    </p>
   </div>
   <div class='ocr_carea' id='block_1_3' title="bbox 144 3000 823 3084">
    <p class='ocr_par' dir='ltr' id='par_1_5' title="bbox 144 3000 823 3084">
     <span class='ocr_line' id='line_1_32' title="bbox 144 3000 823 3084; baseline 0.001 -21"><span class='ocrx_word' id='word_1_192' title='bbox 144 3019 195 3064; x_wconf 88' lang='lat' dir='ltr'>aut</span> <span class='ocrx_word' id='word_1_193' title='bbox 210 3018 371 3084; x_wconf 87' lang='lat' dir='ltr'>anteponet</span> <span class='ocrx_word' id='word_1_194' title='bbox 389 3017 454 3062; x_wconf 85' lang='lat' dir='ltr'>eant</span> <span class='ocrx_word' id='word_1_195' title='bbox 474 3042 484 3075; x_wconf 91' lang='lat'>‚</span> <span class='ocrx_word' id='word_1_196' title='bbox 501 3017 589 3081; x_wconf 85' lang='lat' dir='ltr'>quarn</span> <span class='ocrx_word' id='word_1_197' title='bbox 607 3019 697 3082; x_wconf 87' lang='lat' dir='ltr'>quum</span> <span class='ocrx_word' id='word_1_198' title='bbox 718 3000 823 3077; x_wconf 55' lang='lat' dir='ltr'>honesff</span> 
     </span>
    </p>
   </div>
   <div class='ocr_carea' id='block_1_4' title="bbox 0 0 1081 4067">
    <p class='ocr_par' dir='ltr' id='par_1_6' title="bbox 0 0 1081 4067">
     <span class='ocr_line' id='line_1_33' title="bbox 0 0 1081 4067; baseline 0 0"><span class='ocrx_word' id='word_1_199' title='bbox 0 0 1081 4067; x_wconf 95' lang='lat' dir='ltr'> </span> 
     </span>
    </p>
   </div>
  </div>
 </body>
</html>
