2125 4067
265 556 415 628 ΗΒΕΑ
452 542 702 644 aarum:
748 569 829 650 533

140 684 206 734 rem
225 668 316 732 oculis
335 670 399 753 (est
415 673 492 732 enim
508 672 546 733 ad
563 689 662 752 portas
682 668 827 752 Agragia-

142 774 195 812 nas
216 772 321 832 magna
343 750 504 832 frequentia
524 749 742 833 sepulcrorum)
763 751 830 810 ani*

142 832 291 909 madverri
311 832 494 892 columellam
508 852 569 891 non
589 831 711 892 multum
732 850 749 889 e
770 830 831 889 du·'

142 915 202 974 mis·
218 914 418 982 eminentem,
437 914 466 970 in
486 932 542 993 qua
555 914 646 971 inerat
664 909 777 988 sph'aerae
790 908 829 968 fi-

143 993 235 1077 gura,
254 992 285 1050 &
298 990 432 1071 cylindri.
451 989 551 1072 Atque
566 1011 623 1072 ego
636 989 728 1050 statim
740 989 830 1068 Syra·

144 1072 255 1133 cusanis
277 1069 386 1152 (erant
409 1090 506 1131 autem
525 1073 668 1152 principes
688 1066 831 1150 mecum)

145 1152 225 1224 dixi,
245 1171 292 1210 me
310 1151 379 1210 illud
399 1149 489 1231 ipsum
506 1153 635 1211 arbitrari
653 1147 730 1224 elle,
750 1147 832 1228 quod

146 1249 317 1313 quaererem.
353 1230 476 1291 lmrnissi
506 1252 573 1290 cum
598 1229 717 1289 falcibus
748 1229 832 1288 multi

146 1327 304 1393 purgarunt
316 1310 346 1370 &
356 1328 529 1391 aperuerunt
539 1313 645 1371 locum.
656 1308 731 1388 Qui>
743 1308 837 1389 quum'

87 1450 91 1461 ,
146 1388 391 1473 patefacius²ellet
402 1391 516 1464 adinrs,
530 1393 568 1452 ad
579 1389 729 1451 adversam
740 1389 832 1447 basim

147 1473 340 1531 accessimus:
361 1471 518 1551 apparebat
541 1474 720 1553 epigramma
740 1471 833 1530 exesis

148 1549 353 1632 posterioribus
374 1551 502 1630 partibus
523 1550 762 1623 versiculorum,
784 1548 832 1608 ‹li-⁴

148 1631 273 1691 midiatis
286 1628 360 1695 fere.
380 1629 424 1690 lta
445 1631 625 1691 nobilissima
644 1628 764 1690 Gr'aeciae
786 1631 832 1688 ci-

148 1715 243 1784 vitas,
268 1711 415 1790 quondam
433 1712 506 1770 vero
530 1712 617 1771 etiam
638 1710 831 1783 doclissima‚

149 1789 190 1850 sui
217 1791 289 1850 civis
315 1793 396 1849 unius
430 1792 583 1850 acutissimi
610 1807 834 1850 monumentum

149 1867 323 1952 ignoraffet,
341 1873 393 1928 nisi
410 1871 446 1929 ab
461 1871 581 1930 homine
598 1870 739 1950 Arpinate
757 1869 835 1928 dicu-

150 1947 239 2027 cisseu
265 1948 324 2009 Sed
339 1949 439 2008 redeat
456 1950 534 2010 unde
548 1951 690 2011 aberravit
708 1952 829 2009 oratio·

192 2027 243 2090 66»
265 2028 343 2124 Quis
361 2026 402 2087 est
419 2032 571 2101 omnium,
590 2033 638 2109 qui
657 2031 747 2089 modo
767 2035 834 2088 cum

150 2111 268 2181 musis,
288 2107 319 2167 rd
338 2105 404 2181 est,
428 2128 494 2167 cum
516 2110 692 2169 humanitate
713 2111 748 2169 ὃ(
767 2118 834 2168 cum

152 2188 284 2251 dodlrina
296 2189 402 2248 habeat
415 2188 532 2269 aliquod
546 2193 771 2264 commercium,
785 2190 836 2270 qui

150 2267 183 2329 se
201 2288 264 2329 non
280 2269 356 2347 lrunc
375 2270 611 2328 mathematicum
627 2269 728 2341 malit,
748 2270 836 2347 quim

151 2349 237 2409 illum
256 2359 440 2428 tyrannum?
463 2347 493 2409 Si
514 2351 581 2409 vitae
597 2349 719 2408 modurn
743 2347 837 2408 aclio-

152 2447 281 2510 nemque
296 2432 467 2509 quaerimus3
484 2428 599 2489 alterius
617 2450 699 2489 mens
717 2430 837 2489 rationi·

153 2508 208 2569 bus
237 2509 379 2568 aitandis
407 2509 645 2590 exquirendisque
676 2510 837 2584 alebatur,

155 2609 221 2649 cum
239 2528 435 2650 olledlatione
457 2589 579 2650 solertiae
599 2634 609 2661 ‚
632 2592 681 2672 qui
701 2588 741 2649 est
762 2610 835 2649 unus

109 2697 111 2702 ·
153 2667 334 2747 suavissimus
350 2668 443 2747 pastus
457 2672 639 2741 animorum
656 2671 771 2730 alterius
784 2690 839 2729 cae·

154 2748 193 2808 de
213 2749 247 2809 &
265 2746 396 2827 injuriis,
413 2767 481 2807 cum
499 2749 650 2809 &diurno
669 2749 703 2809 δι’
719 2748 839 2809 nodut-

142 2849 197 2899 no
213 2844 304 2889 metu.
322 2827 409 2911 Age,
422 2825 525 2889 confer
541 2826 746 2888 Democritum
756 2873 766 2902 ‚
776 2826 839 2908 Py?-

153 2908 324 2990 elegorum,
339 2914 561 2990 Anaxagoram:
573 2929 637 2989 quae
649 2927 755 2989 regna,
767 2928 839 2990 quas

156 3007 231 3068 opes
250 2986 345 3051 studiis
357 3008 460 3054 eorum
478 2988 511 3052 &
527 2987 765 3052 delediarionibus
785 3009 838 3069 auf

155 3068 304 3152 repones?

664 3146 725 3233 zu]
