2125 4067
147 486 227 587 206
298 487 370 555 Dr
412 501 667 558 nrnrnus

149 601 326 684 exequaris,
343 620 376 660 ut
391 603 467 663 inter
482 621 530 662 eas
543 599 613 661 nihil
628 597 798 663 interesset?
814 600 832 686 )

147 704 186 747 ex
207 684 248 742 his
268 704 305 740 an
325 679 399 742 ustiis
427 681 476 741 ista
493 681 645 743 evaserunt
664 681 832 759 deteriora,

145 762 233 845 quim
244 703 384 822 Arissonis
392 785 399 822 :
407 762 455 822 illa
462 780 561 823 tamen
569 762 727 842 simplicia;
738 761 833 824 vestra

146 843 270 906 versuta.
292 842 392 924 Roges
411 846 489 904 enim
510 841 698 916 Aristonem,
713 842 833 904 bonane

147 927 176 986 ei
188 924 341 983 videantur
359 924 437 996 hac,
456 925 584 983 vacuitas
602 922 735 996 doloris,
755 923 833 983 divi·

147 1005 216 1075 tia,
234 1003 396 1063 valetudo?
414 1022 511 1085 neget.
522 1002 624 1080 Quid,
637 1023 702 1083 quae
715 1020 834 1064 contra·

147 1086 190 1145 ria
201 1082 265 1144 sunt
280 1085 322 1143 his
333 1128 343 1158 ,
356 1083 489 1144 malane?
508 1082 596 1143 nihili>
614 1085 716 1164 magis.
735 1083 833 1144 Zeno·

148 1184 219 1226 nem
241 1186 355 1247 roges.-
383 1163 555 1245 respondent
577 1163 706 1223 totidem
724 1165 832 1225 verbis.

149 1245 338 1307 Admiranres
356 1264 515 1322 quaeramus
531 1243 569 1302 ab
588 1261 738 1323 utroque,
757 1265 833 1325 quo·

149 1346 219 1387 nam
238 1324 329 1385 modo
346 1326 437 1384 vitam
451 1344 539 1406 agere
559 1325 727 1404 possimus,
747 1326 775 1383 si
788 1325 836 1384 ni·

150 1404 191 1467 hil
208 1403 339 1466 interesse
360 1403 456 1465 nostra
476 1422 637 1484 putemus,
663 1403 832 1478 valeanus,

150 1487 257 1567 agrine
279 1487 391 1556 simus3
419 1491 593 1557 vacemus‚'
608 1504 645 1542 an
673 1487 834 1546 cruciemur

150 1563 277 1634 dolore3
295 1563 404 1646 frigus,
425 1563 535 1625 samem
550 1560 719 1644 propulsare
738 1568 835 1646 possi·

150 1665 234 1718 tuus,
252 1666 345 1705 necne
361 1647 522 1725 possimus:
538 1648 642 1717 vives,
659 1647 753 1725 inquit
769 1645 833 1706 Ari·

150 1722 216 1798 sto,
235 1723 387 1807 magnifice
401 1744 486 1808 atque
504 1727 661 1807 praeclare:
682 1724 766 1806 quod
781 1727 832 1786 etit

151 1825 276 1886 eumque
303 1806 394 1866 visum
417 1828 505 1888 ages,
529 1823 686 1886 numquam
708 1805 835 1888 augin,

152 1906 312 1967 numquam
325 1909 359 1946 cu
382 1890 441 1960 ies,
456 1906 614 1967 numquam
628 1886 756 1945 timebis.

192 1984 243 2043 70.
252 1964 336 2045 Quid
371 1967 449 2029 eno?
463 1984 598 2048 portenta
609 1966 670 2024 haec
678 1962 737 2026 esse
751 1965 834 2041 dicit,

151 2065 208 2108 nec
222 2048 257 2108 ei
268 2051 379 2108 ratione
389 2049 449 2107 ullo
464 2047 556 2107 modo
570 2049 628 2106 vivi
638 2065 648 2117 ;
659 2044 710 2105 sed
724 2043 834 2106 differre

152 2127 228 2187 inter
243 2126 395 2188 honestum
410 2129 441 2188 δι
453 2146 537 2207 turpe
548 2128 668 2186 nimium
678 2145 836 2207 quantum,

152 2205 249 2268 nescio
266 2207 335 2288 quid
351 2207 544 2268 immensum:
568 2210 643 2268 inter
661 2224 774 2268 ceteras
792 2226 837 2266 rer

151 2287 222 2348 nihil
241 2291 362 2348 omnino
378 2286 519 2351 interesse.
538 2286 725 2349 ldemadhuc
744 2285 838 2368 (audi

152 2368 284 2446 reliqua,
296 2371 327 2428 &
338 2370 421 2430 risum
432 2372 550 2431 contine
563 2415 572 2442 ‚
585 2369 609 2428 si
618 2372 726 2449 potes)
736 2367 836 2427 Media

152 2444 220 2519 illa,
233 2449 341 2524 inquit,
354 2453 426 2510 inter
438 2472 501 2530 quae
512 2451 581 2508 nihil
590 2447 726 2518 interest,
738 2465 837 2508 tumen

152 2521 294 2612 ejusmoqdi
304 2525 384 2601 sunt,
400 2549 541 2590 uteorum
554 2531 608 2589 alia
620 2527 755 2611 eligenda
762 2529 838 2600 sint,

153 2604 209 2663 alia
228 2606 405 2682 rejicienda,
431 2610 485 2668 alia
501 2614 623 2669 omnino
642 2630 679 2668 ne
700 2607 867 2690 iigendaq..

153 2683 211 2745 hoc
227 2683 267 2744 est
283 2730 293 2758 ‚
319 2704 350 2745 ut
368 2709 470 2750 eorum
487 2690 540 2748 alia
556 2692 649 2763 veiis,
669 2630 724 2748 aiia
740 2688 839 2762 nolis,

153 2764 209 2826 ulia
229 2787 289 2826 non
306 2787 396 2830 cures.
410 2768 452 2828 At
468 2771 558 2829 modi>
575 2771 713 2840 dixeras,
730 2769 842 2828 nihilin

153 2845 198 2907 his
215 2849 301 2908 rebus
323 2846 379 2909 esse
398 2895 408 2923 ‚
428 2851 508 2931 quod
528 2848 684 2910 interesset.
704 2847 743 2908 Et
763 2867 843 2906 nunc

153 2925 233 2986 idem
249 2929 337 3001 dico,
353 2932 485 3011 inquies,
499 2931 551 2992 sed
566 2931 603 2992 ad
616 2934 739 2996 virtutes
755 2930 788 2990 &
803 2926 844 2988 ad
885 2978 888 2989 .

152 3007 223 3068 vitia
241 3009 311 3069 nihil
328 3009 471 3075 iuteresse.
549 3056 550 3059 η
