2125 4067
238 496 394 567 trrrn
425 508 640 567 euterun·
698 501 776 590 32‘5

166 609 209 670 ,do
226 626 310 670 motu
325 609 439 690 semper
454 626 558 682 vacet,
573 632 633 672 non
651 609 688 671 de
705 631 778 690 pat*-

166 713 170 746 t
182 692 216 750 iis
228 734 238 762 ,
249 693 279 749 in
291 692 394 770 quibus
409 691 591 771 aegritudines
599 732 614 763 ,
626 694 696 762 iter,
712 691 777 749 libit-

166 769 232 848 sque
249 769 399 831 versentur
411 791 421 841 ;
433 791 502 850 quas
516 772 560 843 it,
575 786 675 830 contra
685 786 775 852 quem

173 848 324 922 ditantur,
339 849 464 910 semotas
476 871 494 909 a
508 868 607 910 mente
625 851 657 911 δι
671 850 775 910 disclu-

166 945 256 1010 putat.
276 927 342 990 lam
364 929 520 989 similitudo
544 931 634 1010 magis
656 947 775 1011 apparet

166 1008 260 1079 estiis,
277 1029 399 1089 quarum
411 1010 500 1069 animi
516 1007 579 1068 sunt
594 1011 710 1068 rationis
728 1029 778 1070 ex·

166 1109 191 1150 es
202 1111 209 1148 :
229 1089 382 1149 hominum
393 1107 490 1150 autem
504 1088 661 1148 similitudo
674 1090 703 1147 in
714 1108 779 1149 cor·

166 1190 201 1229 tm
216 1167 305 1251 figura
323 1172 415 1250 magis
428 1168 536 1240 exstat3
551 1169 653 1248 &ipsi
672 1169 777 1241 animi,

166 1254 193 1309 ni
208 1251 316 1323 refert,
332 1249 410 1330 quali
422 1251 452 1308 in
467 1268 592 1328 corpore
603 1250 694 1308 locati
703 1251 777 1308 sint:

166 1351 183 1389 a
212 1333 290 1390 enim
308 1349 337 1389 -e
362 1349 491 1409 corporet
510 1326 647 1388 exsistunt
671 1369 686 1402 ,-
712 1349 777 1410 quae

166 1425 197 1469 nt
217 1425 346 1468 mentem
359 1431 369 1480 3
384 1410 495 1479 multa,
512 1428 578 1491 qtae
599 1409 777 1469 obtundant.

166 1490 267 1549 loteles
290 1489 408 1569 quidem
427 1492 490 1562 ait,
512 1510 601 1549 omnes
622 1489 775 1572 ingeniosos

168 1569 305 1629 nodulicos
326 1568 374 1648 effe
384 1591 398 1641 ;
421 1585 452 1628 ut
473 1588 529 1651 ego
546 1589 594 1630 me
613 1571 774 1631 tardiorem

171 1668 236 1710 non
255 1648 375 1710 moleste
391 1648 502 1710 feram:
523 1667 672 1710 enumerat
693 1651 774 1711 mul-

179 1730 267 1811 idque
286 1732 365 1811 quasi
386 1728 515 1804 constet,
536 1733 699 1804 rationem,
721 1752 774 1791 cur

166 1809 221 1884 iat,
243 1806 333 1871 affert.
355 1807 451 1888 Quod
469 1814 491 1870 si
507 1826 586 1872 truta
607 1815 658 1870 vis·
673 1809 714 1871 est
734 1811 773 1871 ad

166 1910 222 1951 tum
244 1893 347 1953 mentis
366 1892 395 1950 iu
413 1893 471 1962 iis,
490 1911 556 1969 quae
574 1893 726 1971 gignuntur
743 1893 775 1950 iu

166 1991 218 2033 ore
244 1970 257 2051 (
282 1991 317 2032 ea
347 1969 411 2029 sunt
433 1985 529 2029 autem
551 2012 561 2042 ,
585 1988 776 2048 quacumque

175 2072 272 2134 ‚quae
298 2049 512 2111 similitudinem
537 2046 675 2129 faciant)
707 2048 781 2108 nihil

166 2134 274 2191 utitatis
300 2128 412 2204 affert,
433 2149 484 2188 cur
503 2126 630 2188 nascatur
651 2171 663 2201 ‚
689 2130 777 2189 animi

166 2212 263 2272 itudo.

166 2313 184 2354 t.
204 2291 320 2352 Omitto
331 2289 539 2349 similitudines.
552 2286 776 2351 Vellemadesslt

166 2389 194 2434 tt
203 2372 360 2432 Panaetius:
373 2371 444 2430 vixit
456 2391 521 2428 cum
531 2369 669 2431 Africano
681 2389 689 2428 t
701 2390 778 2450 quae·

166 2474 190 2513 m
207 2473 243 2513 ex
265 2473 322 2526 eo,
341 2448 423 2530 cujus
441 2450 554 2512 suorum
566 2452 664 2512 similis
684 2449 777 2512 fuisset

166 2536 225 2594 tani
237 2533 328 2593 fratris
341 2552 455 2612 nepost
471 2532 565 2606 facie,
581 2534 669 2613 patris
679 2553 689 2605 ;
700 2534 777 2606 viti,

166 2618 230 2674 ‚ium
254 2614 431 2691 perditorum
450 2616 489 2672 ita
509 2615 634 2686 similis,
653 2628 685 2670 ut
706 2611 778 2672 ellet

166 2697 180 2752 ὲ
210 2692 404 2750 deterrimus:
431 2690 510 2769 cujus
534 2697 627 2752 etiam
650 2691 778 2762 similis,
830 2728 833 2735 ·

166 2770 265 2840 hassi,
284 2770 316 2827 &
335 2768 529 2846 sapientis‚&
541 2771 723 2848 eloquentis,
744 2768 779 2827 ἃ.

166 2853 183 2909 ti
196 2849 340 2920 hominis,
359 2865 471 2925 nepos,
482 2849 637 2907 multomm
659 2866 695 2906 ue
707 2846 780 2906 alio-

180 2933 309 2992 vitorum
326 2926 488 3000 clarorum,
502 2948 576 3008 quos
593 2868 662 2986 nihil
677 2928 779 2986 attinet

166 3015 269 3087 inare,
287 3023 411 3091 nepotes
430 3006 548 3078 &filiii
565 3005 626 3073 sed
637 3007 783 3091 quidagie
