2125 4067
231 549 387 620 Lzuan
424 528 713 647 sncunuus.
763 546 814 638 '53

131 663 223 723 clarat
242 663 401 742 voluptas:
422 661 489 721 huic
506 659 601 721 verbo
621 680 746 733 omnes,
768 657 818 740 qui

132 744 245 821 ubique
263 741 327 800 sunt
341 783 350 814 ,
369 744 418 820 qui
431 739 542 800 Latine·
555 739 643 800 scium'
654 740 669 813 ‚³
677 740 746 799 duas
770 758 817 799 res

134 819 291 897 subiiciunt
303 864 313 892 ‚
327 820 454 878 laetitiam
468 823 498 878 in
511 821 625 893 animo,
639 821 821 883 commotio*

137 918 208 958 nem
224 897 341 958 suavem
354 896 535 976 jucunditatis
543 900 573 958 in
585 905 720 980 torpore.
739 898 767 958 N
770 919 817 957 am

138 979 172 1038 &
194 978 244 1039 ille
270 977 349 1059 apud
365 976 537 1049 Trabeam,
552 979 715 1057 uoluptatem
733 971 822 1039 animi

135 1059 271 1132 nimiam,
295 1057 419 1118 laetitiam
442 1056 538 1129 dicit,
559 1057 715 1129 eamdem,
733 1076 823 1137 quam

106 1151 110 1161 “
134 1139 185 1198 ille
204 1136 394 1208 Caecilianus,
414 1137 463 1218 qui
477 1136 603 1196 omnibus
617 1136 720 1196 lutitiis
732 1137 822 1196 laetum

136 1217 186 1297 effe
200 1218 232 1296 se
249 1235 353 1276 narrat.
377 1217 437 1278 sed
455 1216 513 1275 hoc
527 1213 665 1286 interest,
681 1215 761 1298 quud
773 1214 826 1275 vo'·'

136 1299 231 1373 luptas
247 1299 348 1356 dicitur
363 1300 448 1357 etiam
465 1298 493 1355 in
512 1297 631 1368 anim03
649 1294 826 1370 vitiosam,

138 1396 171 1437 ut
191 1377 282 1436 Stoici
302 1394 421 1457 putant,
440 1379 488 1458 qui
507 1395 583 1434 eam·
595 1378 635 1435 sic
660 1375 821 1437 definiunt:

141 1459 328 1516 Sublationem
349 1459 434 1516 animi
453 1459 513 1517 sine
529 1457 657 1528 ratione,
681 1459 824 1538 opinantis

134 1536 168 1616 se
190 1557 286 1616 magno
302 1537 370 1596 bono
384 1535 471 1614 frui:
492 1557 553 1595 non
576 1535 677 1596 dicitur
699 1537 796 1598 laetitia
809 1540 831 1612 ,’

140 1636 196 1677 nec
216 1616 352 1697 gaudium
369 1618 543 1697 incorpore.
792 1616 794 1621 ’

185 1714 231 1769 ¹4·
258 1695 290 1755 ln
316 1715 353 1756 eo
378 1701 475 1756 ant'em
499 1695 664 1776 voluptas,
690 1698 823 1756 onmium

139 1773 241 1836 Latine
259 1776 439 1858 loquentium
457 1777 714 1854 more‚fponitur‚
732 1796 822 1859 quum

140 1856 297 1938 percipitur
322 1878 377 1929 ea,
400 1878 464 1937 quae
480 1854 591 1915 sensum
612 1856 736 1936 aliquem
759 1877 826 1916 mo·

140 1952 230 2007 veat,
248 1932 432 2016 jucunditas:
454 1937 528 1994 hanc
550 1953 667 2014 quoque
689 1933 826 2012 jucundi·

139 2031 252 2087 tatem,
272 2017 296 2074 si
312 2017 376 2086 vis,
392 2013 514 2074 transfer
529 2017 560 2072 in
573 2015 699 2072 animum
710 2034 716 2070 ε
727 2011 827 2089 ‘juvare

141 2097 261 2153 enimin
280 2111 404 2189 utroque
420 2095 542 2166 dicitur,
560 2112 597 2152 ex
614 2112 709 2171 eoque
721 2093 828 2169 jncun-

143 2175 231 2312 ἕως
250 2174 343 2233 modu
359 2175 529 2255 intelligas,
551 2171 627 2233 inter
648 2173 728 2232 illum
746 2216 757 2245 ,
776 2173 827 2256 qui

166 2267 242 2327 icat,
288 2305 291 2309 .

144 2373 227 2425 Tantd
238 2373 327 2424 lanitii
335 2373 411 2425 auc'lus
417 2369 486 2441 sum,
497 2387 524 2422 ιιι
533 2369 590 2422 nili
597 2388 645 2424 nen
655 2375 770 2440 constent

117 2520 120 2524 .
145 2463 178 2524 &
196 2483 283 2537 eum,
302 2467 373 2546 qui,

144 2574 216 2627 Nunc
229 2577 318 2625 demum
331 2576 386 2626 mili
401 2575 489 2625 animus
504 2576 590 2633 arden

143 2703 269 2764 quorum
291 2681 362 2743 alter
378 2664 474 2744 latitia
493 2682 618 2764 gestiat,
634 2686 706 2746 alter
723 2677 828 2749 dolore

145 2764 288 2822 crucietur
300 2782 310 2833 3
328 2760 384 2821 esse
396 2764 476 2825 illum
489 2764 641 2839 medium,
809 2764 813 2773 ’

147 2860 294 2932 Quamquam
305 2853 468 2912 lacinternos
476 2864 642 2928 nupernotitia
649 2866 770 2913 admodum
780 2865 812 2926 est
818 2897 828 2925 ‚

145 2970 197 3051 qui
216 2987 271 3027 nec
287 2966 418 3041 laetetur,
432 2986 486 3026 nec
498 2984 617 3049 angatur
629 2988 635 3026 τ
649 2969 830 3049 itemquein·

145 3066 194 3114 ter
216 3054 283 3110 eum
300 3091 311 3124 ,
331 3049 380 3132 qui
398 3050 525 3131 potiatur
544 3051 676 3134 expetitis
698 3055 829 3146 fumosis

651 3127 726 3213 Cui
