2125 4067
184 439 236 513 24
332 419 410 491 Da
445 431 696 487 rrnrnvs
752 476 754 481 .

183 535 312 606 decor-e,
328 531 497 604 laudandis,
511 532 542 591 id
558 548 655 593 totum
674 528 816 594 evertitur
830 542 885 593 ω’

183 614 296 677 deleliu
314 633 430 688 rerum,
447 632 536 695 quem
553 613 647 674 modi>
664 612 740 687 dixi,
758 610 874 672 consti·

183 690 270 770 trito,
289 712 321 755 ut
333 711 386 756 aut
403 694 570 775 voluptates
588 695 756 755 omittantur
773 689 874 771 maio·

182 789 248 838 rum
274 776 457 857 voluptatum
479 773 729 856 adipiscendarum
750 773 841 833 causa
858 760 903 845 ,‘

183 874 232 919 aut
242 855 361 919 dolores
377 853 559 937 suscipiantur
574 852 720 936 majorum
731 853 873 919 dolorum

185 935 242 1000 effu
261 938 416 999 iendorum
436 935 537 1018 gratii.
844 986 846 990 Α

236 959 297 1078 il.
328 1016 389 1079 sed
407 1018 444 1077 de
462 1017 606 1077 clarorum
621 1016 774 1077 hominum
788 1008 872 1083 faffis

166 1097 333 1171 'illustribus
355 1099 389 1158 &
407 1096 541 1178 gloriosis
557 1095 622 1156 satis
641 1097 699 1157 hoc
717 1096 789 1157 loco
809 1093 875 1155 dic·

183 1199 246 1241 tum
261 1182 316 1240 sit:
333 1179 387 1238 erit
404 1178 482 1238 enim
497 1175 557 1256 jam
574 1177 611 1240 de
628 1177 761 1245 omnium
776 1175 874 1237 virtu·

178 1278 246 1321 tum
266 1256 346 1319 cursu
365 1256 407 1321 ad
426 1257 611 1340 voluptatem
623 1259 762 1339 ¹proprius
782 1252 872 1317 diffe-

183 1338 268 1401 rendi
284 1339 376 1399 locus.
398 1335 485 1409 Nunc
503 1355 601 1407 antem
614 1336 787 1420 explicabo,
807 1357 873 1397 vo-

185 1421 280 1502 luptas
296 1418 375 1500 ipsa,
388 1439 451 1501 quae
467 1417 612 1502 qualisque
629 1421 664 1478 sit
673 1463 685 1492 ,
703 1435 735 1479 ut
752 1417 872 1479 tollatur

185 1520 267 1562 error
286 1501 380 1561 omnis
393 1502 596 1581 imperitorum
609 1520 619 1574 ;
636 1498 811 1580 intelligatur

185 1600 241 1656 ea,
259 1601 323 1663 quae
337 1580 526 1662 voluptaria,
541 1579 687 1655 delicata,
701 1578 798 1640 mollis
855 1611 872 1626 ·

184 1662 287 1724 beatur
313 1661 488 1743 disciplina,
511 1658 601 1741 quim
621 1661 750 1744 gravis,
781 1659 872 1742 quim

185 1745 364 1817 continens,
410 1741 477 1807 uim
499 1739 602 1804 severa
620 1743 682 1803 sit:
705 1760 767 1801 non
790 1741 871 1801 enim

186 1825 262 1886 hanc
280 1822 370 1884 solam
382 1763 549 1904 sequimur,
570 1840 635 1904 quae
650 1820 790 1883 suavitate
811 1819 872 1881 ali·

207 1905 243 1967 ni
256 1922 387 1965 naturam
401 1903 489 1985 ipsam
505 1919 629 1978 movet,
639 1903 677 1964 -&
688 1923 755 1963 cum
768 1899 873 1982 jucun·

185 1927 428 2066 litate'quadam
455 1985 611 2065 percipitur
638 1982 793 2055 sensibus,
818 1981 871 2043 sed

84 2081 87 2084 ’
185 2066 341 2127 maximam
353 2065 431 2125 illam
444 2065 628 2145 voluptatem
639 2063 871 2203 habemusppuae

185 2148 369 2228 percipitur,
391 2147 475 2217 omni
495 2144 600 2206 dolore
626 2142 765 2205 detraslo.
817 2164 880 2204 am-

184 2231 320 2307 quoniam
332 2248 420 2308 quum
428 2227 577 2306 privamur
586 2225 691 2285 dolore
701 2270 710 2297 ‚
719 2223 782 2305 ipsai
794 2224 871 2286 libe·

184 2307 601 2377 rarioneuvacuitateomnis
611 2304 750 2365 molestiae
760 2304 871 2387 gaudo-

185 2407 251 2448 mus
260 2406 270 2460 ;
279 2386 535 2460 omnevantomid,
546 2407 606 2467 quo
619 2385 869 2467 gandemnsffoe

186 2464 871 2548 lupt‘asest,ntomneid,qnooffendimur,do·

185 2547 248 2608 lor:
266 2547 375 2607 doloris
384 2549 481 2608 omnis
492 2548 617 2627 privatio
626 2546 704 2609 recle
718 2547 870 2609 nominata

182 2626 227 2690 eli
238 2628 384 2709 voluptas.
402 2627 446 2688 Ut
454 2629 532 2699 enim
563 2648 631 2687 num
641 2629 708 2689 cibo
720 2629 753 2690 &
767 2629 869 2708 potio·

184 2731 224 2772 ne
236 2707 328 2769 fames
341 2705 403 2767 sitis
420 2727 455 2768 ue
466 2649 581 2789 depulla
591 2707 648 2782 est,
658 2708 716 2790 ipsa
727 2707 880 2788 detrailio

184 2788 322 2852 molestia
341 2729 578 2850 consecutionem
593 2787 676 2850 affert
690 2790 869 2870 voluptatist

185 2873 225 2930 sic
233 2873 263 2930 in
276 2871 356 2932 omni
366 2890 398 2931 re
410 2869 518 2933 doloris
534 2873 645 2934 amotio
655 2868 867 2933 successionem

185 2948 274 3025 efficit
288 2950 458 3032 voluptatis.-
489 3017 510 3022 ,,
546 3022 548 3027 ,
688 3016 691 3022 ,
868 3023 870 3026 ,

694 3024 744 3111 38.
761 3017 868 3111 Itaque
