2125 4067
309 480 465 553 Lrnrn
497 499 741 569 otmarus·
791 482 870 579 465

218 606 279 670 ¹'4t.
299 596 363 675 Qui
378 601 499 661 modum
509 602 594 682 igitur
606 603 678 662 vitio
691 601 812 682 quaerit,
828 605 872 662 si·

184 677 295 736 militer
317 677 406 749 facit,
424 696 456 740 ut
472 683 497 741 si
509 678 591 760 polle
610 697 691 759 putet
710 702 797 755 eum,
840 682 875 741 ui

183 753 217 816 se
236 775 253 817 e
272 756 397 816 Leucata
413 762 653 840 praecipitaverit,
668 759 801 822 sustinere
818 703 873 836 de,

184 845 278 914 quum
290 837 373 897 velit:
387 856 417 897 ut
429 842 506 899 enim
518 839 547 897 id
559 858 619 898 non
630 838 725 918 potest
736 861 746 912 3
759 843 798 898 sic
808 842 871 900 ani·

183 933 254 973 mus
272 915 451 993 perturbatus
467 919 499 978 δι
516 919 647 977 incitatus
663 937 717 978 nec
731 920 870 982 cohibere

183 992 217 1055 se
241 993 363 1072 potest,
385 1015 460 1070 nec,
480 1018 540 1078 quo
558 997 626 1057 loco
643 998 724 1070 vult,
743 996 871 1059 insistere

186 1076 313 1134 omnino
340 1093 352 1145 ·,
382 1094 504 1157 quaeque
535 1075 689 1137 crescentia
716 1076 875 1157 perniciosa

184 1151 250 1213 sunt
260 1196 270 1225 ,
282 1153 385 1213 eadem
396 1154 459 1215 sunt
471 1155 574 1217 vitiosa
588 1154 746 1215 nascentiar
870 1218 876 1227 ,

229 1252 279 1305 42.
305 1232 458 1314 AEgritudo
483 1252 610 1308 autem,
629 1253 791 1315 ceteraque
826 1255 873 1297 er·

186 1313 396 1388 turbationes,
422 1314 604 1395 amplificata
628 1315 706 1376 certe
731 1256 874 1395 pelliierae

185 1391 274 1464 sunt3
298 1395 382 1473 igitur
407 1397 495 1455 etiam
521 1394 655 1474 susceptae
677 1397 816 1454 continub
840 1397 874 1454 in

185 1491 293 1553 magna
312 1471 396 1551 pellis
408 1491 488 1554 parte
501 1475 664 1535 versantur:
681 1476 789 1534 etenim
803 1479 811 1533 i
834 1475 871 1534 sae

185 1549 216 1611 se
228 1553 381 1631 impellunt
393 1554 460 1626 ,ubi
471 1553 559 1614 semel
571 1575 586 1612 a
598 1555 710 1614 ratione
723 1552 797 1613 disce
820 1574 871 1613 um

185 1629 251 1703 est,
272 1630 388 1712 ipsaque
401 1633 454 1692 sibi
470 1633 651 1693 imbecillitas
670 1633 820 1714 indulget,
837 1635 871 1695 in

184 1711 336 1790 altumque
353 1712 522 1790 provehitur
538 1711 703 1792 imprudens
714 1756 730 1786 ,
744 1733 800 1779 nen
819 1733 870 1775 re·

208 1794 262 1851 erit
282 1791 380 1851 locum
395 1790 585 1861 consistendi..
600 1791 805 1871 Quamobrem
821 1794 869 1852 ni·

209 1871 227 1929 'l
244 1870 379 1944 interest,
390 1874 485 1933 uttlun
496 1872 661 1932 moderatas
674 1873 870 1951 perturbatio·

186 1969 240 2011 nes
253 1950 435 2031 approbent,
448 1973 484 2011 an
494 1951 678 2012 moderatam
690 1949 869 2028 injustitiam,

185 2029 367 2091 moderatam
378 2033 545 2112 ignaviam,
562 2029 744 2089 moderatam
758 2032 869 2090 intem-

185 2112 365 2189 perantiam:
383 2112 431 2191 qui
448 2110 526 2170 enim
541 2110 619 2169 vitiis
631 2108 753 2168 modum
771 2129 869 2189 appo·

186 2192 253 2263 uit,
278 2192 301 2248 is
323 2206 435 2269 partem
459 2188 570 2268 suscipit
592 2188 730 2247 vitiorum
751 2207 761 2260 ;
786 2188 871 2268 quod

186 2288 275 2348 quum
295 2269 385 2349 ipsum
403 2267 497 2349 perse
518 2267 651 2328 odiosum
669 2264 728 2341 eli,
750 2282 811 2327 tum
829 2269 870 2328 eb

186 2346 355 2423 molestius,
376 2352 442 2430 quia
459 2347 522 2407 sunt
540 2350 570 2405 in
583 2346 719 2419 lubrico,
738 2347 871 2408 incitata·

186 2448 245 2508 que
257 2427 344 2495 semel
361 2427 492 2509 proclive
509 2427 668 2502 labuntur,
688 2422 869 2509 sustinerique

186 2508 269 2569 nullo
282 2510 372 2569 modo
386 2507 514 2589 pellunt.

187 2628 190 2635 -
227 2585 329 2647 XIX..
345 2589 450 2668 Quid,
470 2587 551 2669 qubd
573 2584 662 2648 iidem
683 2583 869 2666 Peripatetici

186 2668 417 2749 perturbationes
432 2667 496 2727 istas
506 2712 516 2740 ,
526 2688 596 2746 quas
605 2687 659 2727 nos
675 2665 870 2744 exstirpandas

185 2764 320 2826 putamus
331 2789 341 2818 ,
351 2767 412 2805 non
422 2746 513 2806 modb
530 2747 671 2805 naturales
682 2742 738 2803 elle
753 2745 869 2816 dicunt,

185 2826 236 2889 sed
254 2827 341 2884 etiam
355 2824 460 2883 utiliter
477 2846 494 2882 a
510 2840 609 2883 natura
624 2821 725 2881 datas?
743 2842 870 2902 quorum

186 2903 230 2965 est
243 2904 306 2962 ralis
320 2905 423 2963 oratio.
443 2901 570 2963 Primitm
587 2902 682 2962 multis
693 2901 791 2961 verbis
802 2903 870 2975 ,ira-

186 2982 323 3043 cundiam
339 2983 457 3045 laudam
475 3004 483 3043 ι
502 3000 607 3045 cotem·
618 2980 792 3045 fortitudinia
811 2978 871 3047 effe
