2125 4067
305 505 739 580 [rnen-renerus.
802 522 872 597 ¹23

182 631 292 703 quarn,
307 617 511 692 Aristotelios‚
524 639 599 700 quos
610 617 656 682 hir
666 614 791 680 sciebam
806 617 876 692 effe,

186 704 260 761 veni
276 718 308 760 ut
325 699 467 759 auferrem
479 742 488 771 ,
501 719 574 778 quos
585 698 733 783 legerent,
745 698 816 759 dum
828 719 878 761 ee·

186 780 250 846 sem
269 779 377 841 otiosus
389 799 399 851 3
410 778 490 859 quod
503 778 621 858 quidem
635 779 719 842 nobis
731 778 786 861 (ut
799 776 876 865 scis)

190 880 255 919 non
276 859 351 938 saepe
372 857 525 937 contingit.
554 856 654 937 Quint
669 859 803 933 vellem,
827 861 878 921 in-

191 939 273 1019 quit,
285 954 315 998 te
327 939 364 998 ad
375 935 492 998 Stoicos
501 937 701 1000 inclinaviffesi
715 940 878 1014 eratenim,

173 1039 175 1041 ’
194 1020 219 1078 si
244 1016 434 1100 cujusquam,
458 1015 537 1076 certe
559 1035 664 1089 tuum,
686 1019 753 1079 nihii
774 1037 878 1099 pretet·

190 1101 331 1161 virtutem
350 1101 380 1160 in
400 1097 487 1163 bonis
504 1095 621 1158 ducere.
646 1095 744 1172 vine,
762 1119 798 1159 ne
815 1120 881 1160 rna·

188 1182 255 1264 gis,
274 1182 411 1261 inquam,
430 1195 512 1238 ruunt
525 1175 631 1250 nerii,
650 1196 789 1259 quumrt
802 1178 881 1242 idem
935 1222 937 1226 ,

190 1262 245 1323 tibi
261 1260 342 1342 quod
354 1260 426 1321 tnihi
441 1258 611 1331 videretur,
625 1279 685 1318 nott
697 1279 777 1321 nova
793 1275 824 1319 te
833 1277 883 1319 re·

190 1341 246 1404 bus
263 1343 381 1403 nomina
399 1343 572 1420 imponere:
591 1341 762 1401 rarioenitu
784 1338 881 1401 nostre

191 1419 362 1496 consentit,
382 1423 476 1484 oratio
498 1437 619 1502 pugnat.
641 1419 765 1484 Minime
785 1419 881 1494 vero,

193 1502 289 1582 iuquit
303 1502 350 1562 ille
361 1545 370 1575 ‚
381 1499 539 1562 consentit:
552 1500 693 1596 quidquid
704 1503 782 1561 enirn
802 1522 881 1581 prae-

195 1578 880 1664 terid,quoditonestuntsrt,expetendumesse
917 1619 921 1626 ·

192 1662 319 1736 dixeris,
336 1665 367 1722 in
383 1661 521 1742 bonisque
534 1665 747 1735 numeraveris3
767 1662 799 1722 &
820 1663 880 1722 ho·
903 1662 906 1668 ’

189 1741 307 1805 nestum
324 1741 437 1824 ipsum,
457 1745 540 1826 quasi
554 1745 668 1804 virtutis
684 1744 806 1816 lumen,
827 1763 879 1804 ex·

193 1822 342 1896 iunxerit,
355 1824 387 1884 δι
400 1825 541 1885 virtutem
572 1826 665 1885 enitus
675 1825 828 1886 everteris.

225 1904 286 1965 ⁸11.
302 1903 447 1967 Dicuntur
461 1903 531 1979 ista,
546 1846 643 1978 gato,
654 1928 702 1966 ma
724 1903 882 1978 nifice,in·'

193 2005 298 2067 quam:
309 1985 358 2047 sed
368 1985 490 2047 videsne
509 1985 671 2046 verborum
686 1927 809 2066 gioriatn
827 1986 881 2046 tibi

188 2087 264 2126 eum
287 2064 440 2146 Pyrrhone
464 2066 497 2126 ὃ(
518 2063 686 2138 Aristone,
708 2068 758 2147 qui
781 2068 880 2125 omnia
978 2130 981 2135 ,

197 2164 375 2226 exaequent,
399 2143 456 2207 effe
479 2144 695 2206 communem?
720 2146 758 2206 de
779 2146 882 2225 quibus

195 2227 288 2305 cupio
307 2223 378 2284 scire
396 2224 467 2306 quid
484 2225 600 2284 sentias.
620 2224 742 2306 Egone,
761 2227 883 2304 quaeris,

197 2307 314 2386 inquit,
328 2302 399 2364 scire
412 2303 481 2384 quid
496 2303 637 2363 sentiam?
648 2325 721 2384 quos
731 2305 826 2365 bonos
840 2307 886 2365 vi·

196 2407 267 2458 ros,
286 2384 378 2447 fortes
386 2427 398 2458 ,
408 2382 518 2465 justos,
529 2383 717 2458 moderatos,
733 2404 781 2446 aut
797 2387 883 2448 audi·

197 2469 293 2562 virnue
306 2469 336 2527 in
345 2465 494 2563 republica}
503 2461 602 2540 fuiss'e,
615 2484 662 2527 aut
673 2468 725 2562 ipsi
740 2468 881 2564 vidintur,

197 2547 905 2701 {iiii13¹iiiiii{iiiiiiiiiiiiiiiiii[2⁶{¹12¹}r

198 2726 265 2768 tura
279 2711 421 2770 institutos
436 2708 536 2785 fuiffe,
552 2709 639 2791 quim
649 2708 753 2769 institui
767 2713 885 2790 potuis·

200 2786 264 2846 sent
279 2809 296 2847 a
308 2788 510 2868 philosophia,
526 2790 655 2849 sinnam
670 2791 755 2849 aliam
772 2791 885 2869 proba-

202 2863 324 2938 viffent,
367 2883 450 2927 taeter
466 2886 559 2940 earn,
582 2889 646 2947 quae
668 2869 739 2929 nihil
762 2868 838 2928 aliud
855 2870 886 2930 in

202 2947 289 3008 bonis
308 2888 419 3019 haiet,
440 2947 495 3006 nisi
514 2945 698 3034 honestum
722 2947 811 3023 nihil,
832 2951 887 3012 niti
919 2955 923 2962 “

201 3045 314 3111 turpe,
334 3029 366 3092 in
386 3027 469 3093 natis
489 3048 499 3090 t
520 3033 632 3092 'cetere
649 3026 886 3174 philrnlgophomm

764 3133 785 3194 ¹1
