2125 4067
252 537 332 634 '15'6
419 538 498 610 Du
529 553 774 609 Mutuus

252 679 307 720 nos
332 654 368 716 ad
396 651 633 733 conjundlionem
660 654 936 737 congregationem·

252 758 310 820 que
331 737 481 795 hominum
496 736 525 796 8(
543 736 579 795 ad
597 736 756 796 naturalem
772 740 936 796 communi·

251 833 341 878 tatem
362 814 418 878 elle
432 832 524 875 natos.
545 815 723 894 Impellimur
740 834 840 875 autem
855 834 936 875 natu·

251 899 304 968 td,
327 916 358 957 ut
381 895 513 976 prodeffe
536 897 658 956 velimus
677 895 764 975 quim
784 896 935 976 plurimis,

250 976 452 1060 inprimisque
471 975 853 1057 docendo‚rationibusque
874 999 938 1056 ptu-

252 1059 357 1120 dentiae
374 1059 530 1119 tradendis.
550 1057 650 1136 ltaque
664 1079 724 1117 non
736 1056 822 1117 facile
840 1055 881 1118 est
894 1060 935 1117 iu-

251 1143 374 1212 venire,
397 1143 445 1220 qui
467 1138 547 1220 quod
571 1138 638 1198 sciat
656 1137 736 1219 ipse,
759 1159 821 1197 non
846 1138 936 1202 tradat

251 1222 344 1283 alteri.
366 1219 409 1279 lta
428 1240 486 1279 non
506 1219 597 1280 solum
624 1219 660 1278 ad
682 1218 850 1279 discendum
891 1240 936 1279 ro·

251 1305 335 1384 pensi
354 1301 466 1374 sumus,
483 1303 584 1361 verum
602 1299 742 1359 etiamad
760 1242 935 1362 docendlm.

295 1382 345 1442 66.
368 1381 467 1460 Atque
485 1400 516 1440 ut
534 1383 619 1440 tauris
637 1381 733 1440 natntd
754 1380 855 1439 datum
877 1379 934 1456 eff,

251 1480 285 1521 ut
304 1483 358 1541 pro
377 1463 472 1519 vitulis
488 1481 587 1521 contra
608 1461 709 1521 leones
720 1460 831 1520 summa
844 1461 875 1518 vi
886 1463 936 1520 im·

252 1559 381 1625 pemque
405 1542 582 1601 contendant
601 1561 610 1611 3
636 1544 675 1602 sit
696 1543 742 1611 ii,
766 1541 816 1621 qui
840 1542 935 1602 valent

253 1622 384 1702 opibus,
407 1641 492 1702 atque
511 1623 540 1681 id
562 1621 657 1683 facere
676 1619 820 1701 possunt,
846 1642 877 1681 ut
900 1622 934 1683 dt

251 1701 430 1763 Hercule&
449 1703 486 1762 de
503 1702 608 1763 Libero
625 1705 812 1783 accepimus,
829 1702 865 1761 ad
881 1701 934 1763 ser·

250 1783 382 1844 vandum
408 1803 499 1864 genus
521 1784 671 1843 hominum
695 1783 796 1842 naturd
816 1784 934 1846 incitam·

253 1878 308 1924 tur.
331 1863 428 1942 Atque
446 1868 552 1933 etiam,
569 1864 675 1924 lovem
689 1885 777 1945 quum
792 1865 933 1944 optimum

254 1945 287 2005 &
304 1948 459 2004 maximum
478 1946 619 2017 dicimus,
657 1964 785 2027 numque
799 1945 934 2007 eumdem

251 2024 402 2087 salutatem
413 2072 421 2096 ,
440 2025 608 2107 hospitalem
619 1967 781 2097 ‚latorem
792 2045 800 2094 ;
820 2025 878 2083 hot
889 2027 932 2098 iu·

252 2107 343 2188 telligi
363 2107 519 2176 volumus,
538 2107 655 2165 salutem
668 2106 817 2164 hominum
830 2108 859 2164 itt
874 2102 933 2183 ejus

252 2185 311 2247 elle
321 2188 419 2247 tutela.
437 2185 560 2245 Minimd
573 2207 667 2246 autem
680 2189 834 2246 convenit.
847 2205 935 2266 quum

251 2269 307 2348 ipsi
335 2271 409 2328 inter
437 2289 490 2327 uos
516 2269 589 2328 viles
614 2267 794 2348 nvegletttque
821 2268 935 2340 simus,

252 2348 418 2426 pullulare,
433 2367 463 2408 ut
482 2349 534 2408 diis
546 2350 755 2408 immortalibus
770 2348 936 2420 emisimus,

254 2427 286 2485 &
307 2429 401 2485 abhis
418 2430 578 2509 diligamur.
599 2427 860 2507 Quemadmodum
882 2430 936 2510 lgii·

252 2518 302 2564 tur
324 2507 461 2566 membris
484 2511 589 2565 utimur
604 2512 705 2588 ptius,
728 2508 813 2588 quim
835 2507 935 2568 diditi·

253 2605 318 2645 mus
328 2629 337 2656 ‚
346 2583 424 2660 cujus
435 2605 470 2644 ea
480 2587 606 2645 utilitatis
616 2590 700 2647 causd
711 2589 883 2662 habeamus3
896 2590 936 2650 εἷο

246 2667 391 2727 internos
406 2666 507 2725 naturd
520 2668 555 2725 ad
569 2670 683 2728 civilem
695 2669 936 2728 communitatem

252 2744 397 2825 ‘conjundli
416 2747 447 2806 dt
467 2747 619 2806 consociati
632 2748 740 2806 sumus:
761 2749 839 2828 quod
854 2749 882 2806 ni
895 2749 937 2808 ita

251 2827 281 2887 se
302 2827 420 2887 haberet
437 2871 446 2901 ‚
466 2848 520 2888 nec
541 2827 652 2908 justitiae
671 2829 743 2888 ullus
764 2826 835 2888 effet
848 2840 868 2902 ,'
880 2846 937 2889 nee

250 2907 374 2973 bonitati
391 2907 479 2970 locus.

244 2996 260 3029 ·’
287 2990 343 3074 63.
356 2987 406 3062 -sst,
421 3012 483 3081 quo
499 2991 591 3056 modo
613 2990 859 3055 hominum-ime:
879 2986 944 3052 hu'·
