2125 4067
262 505 421 575 lrarn
455 513 695 588 Qvtnrvs.
746 518 824 589 209

142 618 282 699 πκςλὶιξα
309 619 351 679 illi
368 661 379 692 ,
398 638 454 679 nos
482 615 657 677 admirabilia
682 615 825 678 dicamus.

142 700 225 778 Quid
251 715 348 758 autem
368 699 476 760 habent
496 696 712 771 admirationis,
731 715 824 777 quum

102 817 108 835 .
138 780 238 858 prope
258 775 425 839 accefferisl
447 775 596 837 conferam
611 794 823 858 tecum,quam

139 862 248 937 cuique
276 855 370 916 verbo
396 876 459 915 tem
483 851 612 932 subjicias
632 877 643 928 ;
670 857 747 917 nulla
767 854 823 917 erit

143 938 358 996 controversia.
371 932 482 994 Omnia
496 951 614 1012 peccata
629 940 707 1017 paria
720 937 823 997 dicitis.

142 1014 216 1076 Non
235 1035 294 1097 ego
309 1032 407 1075 tecum
419 1011 479 1092 jam
494 1013 579 1072 italo
599 1033 667 1087 uar,
679 1033 712 1075 ut
723 1015 823 1079 iisdem

139 1095 186 1156 his
212 1096 250 1156 de
275 1095 383 1164 rebus,
412 1113 501 1174 quum
527 1091 564 1152 L.
626 1113 769 1166 urenam,
794 1112 825 1157 te
868 1134 872 1139 -

140 1176 313 1247 accusante,
336 1172 527 1234 defenderem
549 1192 558 1230 r
582 1172 661 1252 apud
680 1174 828 1253 imperitos

138 1274 202 1316 tum
220 1256 269 1316 illa
288 1253 362 1314 dieta
380 1253 467 1325 sunr3
487 1251 594 1332 aliquid
609 1255 698 1312 etiam
712 1273 829 1315 corona

133 1335 263 1397 datum:
286 1355 363 1394 nunc
379 1333 526 1415 agendum
548 1330 590 1391 est
608 1331 748 1393 subtilius.

182 1436 234 1497 75.
247 1413 370 1475 Peccata
387 1417 465 1493 paria
478 1432 607 1493 quonam
621 1413 715 1475 modo
730 1413 741 1474 i
759 1412 827 1492 quia

140 1515 199 1556 nec
225 1493 347 1555 honesto
377 1494 533 1574 quidquam
563 1492 735 1566 honestius,
768 1513 824 1554 nec

141 1579 221 1655 turpi
233 1573 360 1654 turpius.
375 1573 467 1655 Perge
483 1573 600 1654 porrbt
626 1596 694 1634 nam
714 1575 752 1635 de
768 1571 823 1635 isto

138 1676 248 1737 magna
267 1653 401 1715 diffensio
424 1653 483 1715 cst:
503 1653 557 1713 illa.
565 1672 734 1736 argumenta
750 1676 824 1735 pro·

140 1740 204 1817 pria
229 1735 408 1808 videamus,
433 1755 483 1794 cur
501 1735 599 1795 omnia
622 1754 742 1816 peccata
765 1737 822 1796 sint

137 1818 228 1897 paria.
252 1815 319 1889 Ut,
352 1816 469 1896 inquit,
488 1815 518 1874 in
535 1813 641 1876 fidibus
660 1816 790 1896 plurimis
810 1859 821 1889 ,

139 1900 162 1955 si
184 1896 262 1956 nulla
282 1915 381 1956 earum
403 1897 443 1955 ita
473 1897 617 1956 contentis
641 1899 737 1957 nervis
761 1896 822 1969 sit,

132 1993 170 2037 ut
180 1993 355 2039 concentum
369 1974 483 2035 servare
498 1977 612 2054 possit,
625 1995 728 2035 omnes
740 1976 823 2055 aeque

140 2057 320 2116 incontentae
333 2055 395 2113 sunt
407 2074 417 2124 ;
428 2057 467 2112 sic
480 2072 622 2131 peccata,
659 2057 703 2114 uia
718 2054 824 2115 discre-

133 2174 138 2180 -
161 2152 231 2207 ant,
250 2134 330 2214 eque
349 2131 528 2212 discrepant:
550 2077 708 2213 parialunt
729 2137 823 2215 igitur,

137 2157 199 2274 llic
219 2213 356 2294 ambiguo
376 2211 520 2271 ludimur:
541 2214 624 2292 aeque
650 2217 728 2273 enirn
746 2235 824 2274 con-

136 2296 226 2378 tingit
238 2292 373 2354 omnibus
385 2288 508 2364 fidibus,
519 2309 551 2352 ut
563 2295 738 2355 incontentae
747 2295 822 2370 sint;

136 2375 209 2435 illud
225 2394 286 2435 non
304 2371 463 2446 continui),
484 2388 517 2431 ut
529 2372 613 2453 aeque
627 2374 820 2437 incontentae:

137 2457 255 2517 collatio
283 2456 369 2535 igitur
392 2449 442 2511 ista
471 2468 501 2514 te
529 2453 598 2512 nihil
625 2452 733 2531 juvat:
763 2476 819 2520 nec

137 2539 216 2597 enim
242 2554 346 2597 omnes
371 2533 503 2594 avaritias
531 2537 556 2594 si
581 2535 663 2615 aequd
686 2538 818 2599 avaritias

137 2615 194 2676 elle
215 2616 389 2688 dixerimus,
419 2612 544 2695 sequitur
561 2618 655 2677 etiarn·
669 2634 701 2676 ut
719 2639 816 2698 aequas

135 2695 194 2758 effe
213 2697 350 2756 dicamus.

176 2775 229 2853 76.
237 2773 312 2833 Ecce
321 2770 398 2830 aliud
408 2773 496 2834 simile
507 2771 653 2832 dissimile.
662 2774 706 2834 Ut
717 2777 795 2835 enim
806 2789 818 2848 ,·

133 2857 248 2934 inquit,
263 2850 435 2933 gubernator
451 2853 531 2931 aeque
545 2868 668 2930 peccat,
682 2856 706 2912 si
719 2854 819 2933 palea-

134 2954 201 3011 rum
212 2951 321 3001 navem
333 2929 457 3006 evertit,
471 2931 503 2995 δι
519 2931 544 2992 si
557 2930 617 2992 auri
625 2948 637 3004 3
650 2932 721 2995 item
736 2933 817 3016 aqui
