2125 4067
184 490 261 570 208
336 490 414 562 Du
451 505 697 560 FINMWS

183 604 303 686 adjuvas
321 603 333 664 ἓ
364 605 550 667 avaritiamne
567 607 672 666 minuis
692 601 705 662 ἓ
727 597 827 680 Quid
842 598 868 663 si

183 687 306 749 verbum
326 684 489 766 sequimur,
517 688 644 766 primum
662 683 778 764 longius
795 702 868 743 ver·

182 766 275 840 bum,
312 768 486 846 raepositum,
505 765 593 846 quim
608 768 716 826 bonum.
732 761 814 822 Nihil
830 761 868 822 ad

183 866 257 906 rem.
306 865 322 905 e
344 848 379 905 sit
394 844 479 906 sani:
500 863 530 905 at
550 846 629 906 certi
646 843 784 926 gravius:
801 863 869 917 nam

183 925 296 988 bonum
307 945 343 985 ex
356 946 415 1006 quo
429 926 605 1007 appellatum
618 926 655 986 sit
668 922 766 985 nescio
775 941 869 1004 ’,ραι

185 1008 434 1147 iii-“uzu
450 1004 870 1146 ‘iidissmqiiiaiu'fpiffiss

186 1131 302 1228 dicebat
319 1166 383 1246 plus
401 1166 486 1225 tribui
503 1107 608 1226 {ivistis
626 1104 870 1244 azendne,³qq=i

189 1267 240 1309 eas
257 1250 287 1307 in
303 1247 463 1328 praepositis
478 1263 625 1327 poneret,
643 1245 732 1326 quim
745 1245 783 1304 ab
796 1241 871 1303 Aris·

188 1328 282 1389 tutele
294 1370 304 1400 ‚
318 1327 368 1406 qui
384 1326 495 1386 bonum
510 1325 567 1386 effe
585 1326 698 1385 divitias
712 1323 853 1385 fateretur
858 1341 869 1396 3

188 1406 239 1468 sed
267 1426 323 1466 nec
349 1426 486 1487 magnum
506 1407 639 1480 bonum,
660 1406 693 1466 ὃ(
708 1425 769 1485 prae
790 1401 871 1464 retiis

189 1485 370 1566 honestisque
386 1486 634 1546 contemnendum
655 1507 690 1546 ac
709 1483 871 1566 despicien-

190 1565 279 1640 dum,
294 1585 349 1626 nec
365 1587 544 1648 magnopeae
561 1565 782 1648 expetendum:
807 1583 872 1624 om·

190 1648 321 1727 uinoque
332 1646 369 1708 de
382 1649 517 1708 omnibus
536 1646 592 1707 istis
607 1647 704 1710 verbis
721 1667 741 1706 a
752 1642 873 1706 Zenone

191 1731 307 1789 mutatis
324 1729 364 1786 ita
383 1726 602 1807 disputabat‚&
618 1727 773 1808 quaebona
785 1744 872 1806 nega·

192 1824 292 1868 rentur
304 1804 359 1868 effe
372 1809 479 1884 abeo,
494 1811 526 1869 &
539 1830 603 1889 quae
616 1808 711 1880 mala,
723 1806 774 1866 illa
783 1805 873 1866 laetio·

192 1887 270 1947 ribus
297 1888 460 1948 nominibus
482 1891 519 1950 ab
541 1909 579 1948 eo
598 1887 737 1969 appellati
756 1885 842 1968 quium
856 1905 876 1944 a

192 1968 297 2040 nobis,
315 1969 375 2028 haec
393 1966 573 2031 tristioribus.

234 2046 385 2108 XXVII.
412 2048 477 2111 Piso
500 2051 587 2132 igitur
611 2049 669 2109 hoe
693 2046 807 2120 modo,
827 2044 875 2107 vii*

195 2149 216 2188 ο
238 2130 346 2201 timus,
367 2130 409 2188 tui
430 2151 494 2204 ue,
515 2149 547 2188 ut
567 2129 639 2202 scis,
657 2129 882 2202 amantissimus..

193 2149 260 2270 Nis
279 2209 377 2289 paucis
395 2151 433 2268 ai
447 2210 510 2270 haec
529 2208 656 2282 additis,
673 2207 773 2286 finem
784 2208 874 2268 facia·

196 2310 261 2350 mus
280 2289 457 2371 aliquando:
476 2293 597 2373 longum
611 2289 653 2351 est
667 2292 748 2351 enim
766 2288 803 2349 ad
818 2305 879 2349 om·

195 2371 244 2428 nia
270 2370 470 2450 respondere,
502 2393 565 2452 quaa
590 2391 607 2430 a
635 2385 666 2431 te
696 2369 772 2430 diua
790 2366 874 2440 sunta

196 2465 265 2505 nam
293 2469 329 2507 ex
358 2450 458 2510 iisdem
486 2452 646 2510 verborum
673 2447 817 2530 praestigiis
843 2445 877 2506 &

185 2545 287 2605 segma
314 2545 380 2587 nata
404 2531 491 2590 vobis
514 2529 603 2604 sunt,
622 2529 655 2588 δι
676 2532 822 2612 imperia,
845 2525 878 2588 &

197 2604 304 2665 divitiae
326 2651 336 2680 ,
363 2607 395 2667 &
414 2626 501 2669 tantae
519 2610 669 2750 apsidem,
696 2628 729 2669 ut
754 2609 880 2681 omnia.,'

197 2707 264 2827 puae
285 2687 391 2768 ubique
415 2692 498 2764 siu-t,
537 2692 662 2771 apientis
678 2688 736 2751 effe
755 2689 878 2750 dicatis:

180 2839 185 2845 .
211 2767 291 2827 olum
316 2786 456 2848 praterea
477 2771 639 2831 formosum
656 2815 669 2841 ‚
690 2769 786 2830 solum
804 2768 882 2828 libe·

197 2869 283 2922 rum,
296 2847 387 2911 solum
401 2854 496 2912 civem
509 2874 515 2912 :
531 2850 682 2911 stultorum
694 2852 796 2911 omnia
806 2867 884 2909 con·

198 2931 283 2993 traria
296 2975 307 3007 ‚
320 2953 393 3015 quos
408 2935 493 2997 etiam
507 2932 619 2996 insanos
631 2929 688 2994 effe
698 2927 888 2996 vium-lau
