2125 4067
186 490 240 600 64
331 503 694 576 nummus
763 490 768 505 '

183 622 308 681 mentius
320 663 330 693 ‚
343 622 372 680 in
387 622 497 702 magnis
514 618 658 679 interdum
672 615 802 678 versatur
817 628 873 678 aui

182 698 298 781 gustiis,
317 718 367 773 ut,
385 702 537 760 hominum
552 698 870 772 conscientidremotd‚

184 780 254 839 nihil
272 797 331 840 tam
348 797 432 862 turpe
447 783 502 853 sit,
522 779 603 860 quod
619 780 777 858 voluptatis
797 799 872 837 cauo

184 859 217 920 sd
233 881 294 919 non
303 860 438 921 videatur
447 858 505 920 effe
517 858 660 919 fadurus:
677 857 784 919 deinde
795 902 806 930 ,
819 858 871 917 ubi

186 939 327 1023 erubuit(
341 942 387 1000 vis
405 943 483 1002 enim
502 938 545 1000 est
561 958 718 1020 permagna
737 942 873 1019 naturae)

184 1018 315 1102 confugit
337 1020 403 1081 illuc
420 1065 430 1094 ‚
450 1038 483 1079 ut
507 1037 596 1100 neget
617 1018 761 1079 accedere
780 1017 874 1099 quid·

206 1098 369 1240 uatpstpoffe
385 1101 424 1240 ag
442 1100 627 1238 lvofftffim
642 1099 711 1158 nihil
732 1099 874 1160 dolentis.¹

216 1195 228 1239 t
254 1202 264 1238 ι
289 1201 386 1241 enon
425 1200 474 1240 oe
515 1202 525 1238 ι
589 1197 634 1238 tus
662 1200 723 1238 nou
745 1197 875 1239 vocauur

184 1260 331 1342 voluptas.
354 1260 424 1320 Non
444 1260 567 1331 laboro,
586 1260 699 1339 inquit,
717 1257 758 1319 de
772 1260 901 1330 numi-N·

185 1358 233 1401 ne.
263 1340 366 1420 Quid,
387 1340 466 1421 qubd
487 1360 533 1399 res
546 1339 600 1398 alia
612 1355 674 1399 tota
690 1337 752 1400 est?
767 1337 873 1419 Repe·

184 1422 257 1480 riam
278 1420 409 1493 multos,
431 1420 481 1480 vel
500 1419 723 1480 innumerabiles
746 1422 873 1500 putida,

185 1520 248 1561 uon
274 1517 335 1559 tam
359 1498 507 1571 curiosos,
532 1519 587 1558 nec
613 1517 672 1559 tam
700 1499 872 1574 molestos,

227 1578 274 1638 dm
292 1601 347 1640 vos
365 1577 449 1655 estis3
465 1580 587 1660 quibus,
604 1579 742 1660 quidquid
758 1581 873 1653 velim,

184 1599 269 1720 ἲσίΙὲ
286 1659 482 1740 persuadeam.
503 1658 587 1738 Quid
599 1678 671 1740 ergo
683 1659 871 1737 dubitamus,

186 1741 275 1820 quin,
294 1743 394 1800 sinon
415 1739 516 1800 dolere·
534 1739 670 1818 voluptas
686 1741 722 1798 sit
739 1738 873 1814 summa,

184 1838 247 1881 non
264 1818 321 1881 effe
337 1823 367 1879 in
384 1821 540 1900 voluptate
554 1819 641 1878 dolor
660 1822 697 1878 sit
708 1819 873 1881 maximus?

185 1919 237 1960 eur
252 1900 283 1959 id
296 1921 356 1959 uon
370 1901 409 1959 ita
425 1900 482 1959 sit?
494 1899 575 1978 Quia
592 1898 687 1959 dolori
702 1921 764 1959 non
782 1900 872 1961 volu·

185 1996 250 2062 ptas
270 1984 410 2041 contraria
424 1979 485 2053 est,
497 1978 547 2040 sed
564 1978 673 2039 doloris
692 1983 830 2061 privatio.

228 2059 267 2118 X.
293 2061 361 2120 Hoc
375 2061 452 2120 veri>
465 2082 524 2121 non
539 2059 661 2131 videre,
677 2061 807 2120 maximo
823 2081 872 2120 ar·

208 2158 328 2199 umento
344 2138 406 2210 est,
424 2138 480 2199 effe
497 2141 680 2218 voluptatem
696 2140 794 2214 iilam3
813 2140 873 2222 qud

185 2159 293 2280 difflata
304 2265 313 2293 ‚
323 2238 412 2302 neget
420 2218 449 2279 se
465 2220 626 2300 intelligere
638 2222 779 2293 omnino,
800 2221 872 2302 quid

188 2301 224 2359 sit
240 2302 375 2361 bonum:
403 2321 468 2361 eam
489 2318 586 2361 autem
608 2303 650 2359 ita·
670 2300 872 2382 persequitur,

187 2398 251 2458 quae
279 2381 376 2458 palato
402 2384 603 2460 percipiatur,
630 2400 694 2460 q'uae
720 2381 870 2442 auribus}

187 2474 285 2516 cetera
303 2460 404 2533 addit·q
415 2481 478 2538 quae
490 2463 514 2517 si
531 2460 660 2539 appelles
670 2505 680 2530 ‚
690 2459 785 2520 honos
798 2472 872 2542 prite-

186 2535 289 2596 fandus
309 2539 353 2595 sit.
372 2536 439 2596 Hoc
454 2542 539 2619 igitur
554 2540 634 2617 quod
650 2538 871 2603 solumbonum

185 2615 302 2677 severus
323 2618 354 2676 &
365 2621 459 2699 gravis
475 2618 662 2697 philosophus
677 2623 777 2691 novit,
789 2622 871 2681 idem

187 2717 248 2758 non
275 2697 355 2757 videt
371 2718 408 2757 ne
434 2698 630 2777 expetendum
650 2701 772 2778 quidem
789 2701 871 2776 effe,

186 2778 267 2858 quiid
280 2797 347 2837 eam
363 2778 546 2858 voluptatem
557 2778 614 2837 hoc
633 2779 740 2840 eodem
753 2780 872 2844 audiere

186 2878 247 2918 non
259 2858 454 2918 desideremus
466 2903 475 2931 ,
494 2879 582 2937 quum
594 2858 696 2919 dolore
708 2881 874 2924 careamus:

185 2956 361 3020 ¹quamquam
379 2939 438 3000 haec
458 2939 519 2998 sunt
531 2941 684 2999 contraria.

186 3026 205 3043 ·'
227 3033 279 3097 30.
299 3019 357 3083 Hic
375 3019 539 3084 si'd‘efiuiie
554 3021 587 3082 ἃ
604 3019 734 3083 dividere
750 3019 876 3092 didicis*
916 3094 917 3101 ἵ
